  <div class='ocr_page' id='page_1' title='image "/cluster/home/n/w/nwhite01/storage/ocr_20150623/131/hvd.32044019208263/628.png"; bbox 0 0 3960 6648; ppageno 0'>
   <div class='ocr_carea' id='block_1_1' title="bbox 226 501 359 570">
    <p class='ocr_par' dir='ltr' id='par_1_1' title="bbox 226 501 359 570">
     <span class='ocr_line' id='line_1_1' title="bbox 226 501 359 570; baseline -0.015 0"><span class='ocrx_word' id='word_1_1' title='bbox 226 501 359 570; x_wconf 79' lang='lat'><strong>1197</strong></span> 
     </span>
    </p>
   </div>
   <div class='ocr_carea' id='block_1_2' title="bbox 1461 482 2226 569">
    <p class='ocr_par' dir='ltr' id='par_1_2' title="bbox 1461 482 2226 569">
     <span class='ocr_line' id='line_1_2' title="bbox 1461 482 2226 569; baseline 0.008 -6"><span class='ocrx_word' id='word_1_2' title='bbox 1461 501 1874 565; x_wconf 76' lang='lat' dir='ltr'><strong>ALEXIADIS</strong></span> <span class='ocrx_word' id='word_1_3' title='bbox 1913 482 2061 566; x_wconf 83' lang='lat' dir='ltr'><strong>LIB.</strong></span> <span class='ocrx_word' id='word_1_4' title='bbox 2102 506 2226 569; x_wconf 78' lang='lat' dir='ltr'><strong>xv.</strong></span> 
     </span>
    </p>
   </div>
   <div class='ocr_carea' id='block_1_3' title="bbox 3342 516 3475 582">
    <p class='ocr_par' dir='ltr' id='par_1_3' title="bbox 3342 516 3475 582">
     <span class='ocr_line' id='line_1_3' title="bbox 3342 516 3475 582; baseline 0.015 -2"><span class='ocrx_word' id='word_1_5' title='bbox 3342 516 3475 582; x_wconf 66' lang='lat'><strong>1198</strong></span> 
     </span>
    </p>
   </div>
   <div class='ocr_carea' id='block_1_4' title="bbox 223 617 1808 694">
    <p class='ocr_par' dir='ltr' id='par_1_4' title="bbox 223 617 1800 690">
     <span class='ocr_line' id='line_1_4' title="bbox 223 617 1800 690; baseline -0.001 -17"><span class='ocrx_word' id='word_1_6' title='bbox 223 621 331 674; x_wconf 75' lang='grc' dir='ltr'>πᾶν</span> <span class='ocrx_word' id='word_1_7' title='bbox 373 620 596 689; x_wconf 79' lang='grc' dir='ltr'>τέμενος</span> <span class='ocrx_word' id='word_1_8' title='bbox 629 618 875 689; x_wconf 75' lang='grc' dir='ltr'>δαψιλεῖς</span> <span class='ocrx_word' id='word_1_9' title='bbox 914 618 1012 682; x_wconf 70' lang='grc' dir='ltr'>τὰς</span> <span class='ocrx_word' id='word_1_10' title='bbox 1053 617 1346 688; x_wconf 77' lang='grc' dir='ltr'>φωταυγὰς</span> <span class='ocrx_word' id='word_1_11' title='bbox 1383 619 1684 690; x_wconf 80' lang='grc' dir='ltr'><strong>ποιουμένη</strong></span> <span class='ocrx_word' id='word_1_12' title='bbox 1706 619 1800 673; x_wconf 78' lang='grc' dir='ltr'>καλ.</span> 
     </span>
    </p>
   </div>
   <div class='ocr_carea' id='block_1_5' title="bbox 1914 617 3563 694">
    <p class='ocr_par' dir='ltr' id='par_1_5' title="bbox 1914 620 3563 694">
     <span class='ocr_line' id='line_1_5' title="bbox 1914 620 3563 694; baseline 0.009 -22"><span class='ocrx_word' id='word_1_13' title='bbox 1914 620 2058 688; x_wconf 76' lang='lat' dir='ltr'><strong>copia</strong></span> <span class='ocrx_word' id='word_1_14' title='bbox 2092 620 2294 689; x_wconf 80' lang='lat' dir='ltr'><strong>ingenti</strong></span> <span class='ocrx_word' id='word_1_15' title='bbox 2340 635 2444 676; x_wconf 88' lang='lat' dir='ltr'><strong>non</strong></span> <span class='ocrx_word' id='word_1_16' title='bbox 2503 621 2554 677; x_wconf 90' lang='lat' dir='ltr'><strong>in</strong></span> <span class='ocrx_word' id='word_1_17' title='bbox 2588 633 2889 692; x_wconf 63' lang='lat' dir='ltr'><strong>praesentes</strong></span> <span class='ocrx_word' id='word_1_18' title='bbox 2931 625 3238 684; x_wconf 80' lang='lat' dir='ltr'><strong>etl&#39;nndebat</strong></span> <span class='ocrx_word' id='word_1_19' title='bbox 3273 629 3474 694; x_wconf 78' lang='lat' dir='ltr'><strong>solum.</strong></span> <span class='ocrx_word' id='word_1_20' title='bbox 3559 669 3563 673; x_wconf 67' lang='grc' dir='ltr'><em>η</em></span> 
     </span>
    </p>
   </div>
   <div class='ocr_carea' id='block_1_6' title="bbox 221 711 1803 783">
    <p class='ocr_par' dir='ltr' id='par_1_6' title="bbox 221 711 1803 783">
     <span class='ocr_line' id='line_1_6' title="bbox 221 711 1803 783; baseline -0.001 -16"><span class='ocrx_word' id='word_1_21' title='bbox 221 713 346 776; x_wconf 64' lang='grc' dir='ltr'><strong>τοῦς</strong></span> <span class='ocrx_word' id='word_1_22' title='bbox 381 712 590 779; x_wconf 73' lang='grc' dir='ltr'>ὕμνους</span> <span class='ocrx_word' id='word_1_23' title='bbox 659 715 904 783; x_wconf 79' lang='grc' dir='ltr'><strong>συνεχεῖς</strong></span> <span class='ocrx_word' id='word_1_24' title='bbox 966 711 1060 766; x_wconf 77' lang='grc' dir='ltr'><strong>καὶ</strong></span> <span class='ocrx_word' id='word_1_25' title='bbox 1100 711 1584 778; x_wconf 76' lang='grc' dir='ltr'>ἁκαταπαὺστους,</span> <span class='ocrx_word' id='word_1_26' title='bbox 1631 712 1803 766; x_wconf 83' lang='grc' dir='ltr'>διαδό-</span> 
     </span>
    </p>
   </div>
   <div class='ocr_carea' id='block_1_7' title="bbox 224 802 1802 876">
    <p class='ocr_par' dir='ltr' id='par_1_7' title="bbox 224 802 1802 876">
     <span class='ocr_line' id='line_1_7' title="bbox 224 802 1802 876; baseline 0.001 -20"><span class='ocrx_word' id='word_1_27' title='bbox 224 822 335 866; x_wconf 83' lang='grc' dir='ltr'>σεις</span> <span class='ocrx_word' id='word_1_28' title='bbox 359 803 416 854; x_wconf 76' lang='grc' dir='ltr'>δὲ</span> <span class='ocrx_word' id='word_1_29' title='bbox 448 805 562 866; x_wconf 78' lang='grc' dir='ltr'>τοῖς</span> <span class='ocrx_word' id='word_1_30' title='bbox 601 803 923 876; x_wconf 75' lang='grc' dir='ltr'><strong>ἁπανταχοῦ</strong></span> <span class='ocrx_word' id='word_1_31' title='bbox 973 803 1076 872; x_wconf 82' lang='grc' dir='ltr'>γῆς</span> <span class='ocrx_word' id='word_1_32' title='bbox 1109 804 1205 856; x_wconf 78' lang='grc' dir='ltr'><strong>καὶ</strong></span> <span class='ocrx_word' id='word_1_33' title='bbox 1237 803 1516 875; x_wconf 78' lang='grc' dir='ltr'><strong>θαλάσσης</strong></span> <span class='ocrx_word' id='word_1_34' title='bbox 1557 802 1802 857; x_wconf 68' lang='grc' dir='ltr'>οἰκοῦσιν</span> 
     </span>
    </p>
   </div>
   <div class='ocr_carea' id='block_1_8' title="bbox 225 894 1802 966">
    <p class='ocr_par' dir='ltr' id='par_1_8' title="bbox 225 894 1802 966">
     <span class='ocr_line' id='line_1_8' title="bbox 225 894 1802 966; baseline -0.002 -17"><span class='ocrx_word' id='word_1_35' title='bbox 225 897 539 965; x_wconf 76' lang='grc' dir='ltr'>εἰργάζετο.</span> <span class='ocrx_word' id='word_1_36' title='bbox 590 895 876 958; x_wconf 83' lang='grc' dir='ltr'>Ἀπαντας</span> <span class='ocrx_word' id='word_1_37' title='bbox 937 895 1038 966; x_wconf 79' lang='grc' dir='ltr'>μὲν</span> <span class='ocrx_word' id='word_1_38' title='bbox 1091 895 1360 966; x_wconf 77' lang='grc' dir='ltr'>μοναχοὺς</span> <span class='ocrx_word' id='word_1_39' title='bbox 1412 895 1469 948; x_wconf 71' lang='grc' dir='ltr'>ἐν</span> <span class='ocrx_word' id='word_1_40' title='bbox 1499 894 1652 965; x_wconf 72' lang='grc' dir='ltr'>ὕρεσι</span> <span class='ocrx_word' id='word_1_41' title='bbox 1706 895 1802 946; x_wconf 71' lang='grc' dir='ltr'><strong>καὶ</strong></span> 
     </span>
    </p>
   </div>
   <div class='ocr_carea' id='block_1_9' title="bbox 229 986 1801 1058">
    <p class='ocr_par' dir='ltr' id='par_1_9' title="bbox 229 986 1801 1058">
     <span class='ocr_line' id='line_1_9' title="bbox 229 986 1801 1058; baseline 0.001 -18"><span class='ocrx_word' id='word_1_42' title='bbox 229 989 515 1057; x_wconf 73' lang='grc' dir='ltr'>σπηλαίοις</span> <span class='ocrx_word' id='word_1_43' title='bbox 579 987 935 1058; x_wconf 74' lang='grc' dir='ltr'>οῖκοῦνταςῆ</span> <span class='ocrx_word' id='word_1_44' title='bbox 991 988 1086 1040; x_wconf 80' lang='grc' dir='ltr'><strong>καὶ</strong></span> <span class='ocrx_word' id='word_1_45' title='bbox 1142 986 1318 1051; x_wconf 77' lang='grc' dir='ltr'>ἄλλως</span> <span class='ocrx_word' id='word_1_46' title='bbox 1366 988 1459 1040; x_wconf 70' lang='grc' dir='ltr'><strong>τὸν</strong></span> <span class='ocrx_word' id='word_1_47' title='bbox 1502 986 1801 1058; x_wconf 82' lang='grc' dir='ltr'>μοναχικδν</span> 
     </span>
    </p>
   </div>
   <div class='ocr_carea' id='block_1_10' title="bbox 223 1078 1800 1149">
    <p class='ocr_par' dir='ltr' id='par_1_10' title="bbox 223 1078 1800 1149">
     <span class='ocr_line' id='line_1_10' title="bbox 223 1078 1800 1149; baseline 0.001 -18"><span class='ocrx_word' id='word_1_48' title='bbox 223 1079 478 1142; x_wconf 73' lang='grc' dir='ltr'>ἐπιόντας</span> <span class='ocrx_word' id='word_1_49' title='bbox 539 1079 651 1148; x_wconf 85' lang='grc' dir='ltr'>βίον</span> <span class='ocrx_word' id='word_1_50' title='bbox 703 1079 783 1142; x_wconf 76' lang='grc' dir='ltr'>εἰς</span> <span class='ocrx_word' id='word_1_51' title='bbox 847 1078 1089 1141; x_wconf 80' lang='grc' dir='ltr'><strong>ἐκτενεῖς</strong></span> <span class='ocrx_word' id='word_1_52' title='bbox 1137 1079 1356 1148; x_wconf 86' lang='grc' dir='ltr'><strong>δεήσεις</strong></span> <span class='ocrx_word' id='word_1_53' title='bbox 1413 1079 1800 1149; x_wconf 78' lang='grc' dir='ltr'>ἐπεγείρουσα,</span> 
     </span>
    </p>
   </div>
   <div class='ocr_carea' id='block_1_11' title="bbox 223 1169 1806 1240">
    <p class='ocr_par' dir='ltr' id='par_1_11' title="bbox 223 1169 1806 1240">
     <span class='ocr_line' id='line_1_11' title="bbox 223 1169 1806 1240; baseline -0.003 -15"><span class='ocrx_word' id='word_1_54' title='bbox 223 1171 473 1232; x_wconf 71' lang='grc' dir='ltr'>ἅπαντας</span> <span class='ocrx_word' id='word_1_55' title='bbox 513 1170 567 1222; x_wconf 83' lang='grc' dir='ltr'><strong>δὲ</strong></span> <span class='ocrx_word' id='word_1_56' title='bbox 594 1169 890 1232; x_wconf 75' lang='grc' dir='ltr'>νοσοῦντας</span> <span class='ocrx_word' id='word_1_57' title='bbox 917 1170 949 1240; x_wconf 83' lang='grc' dir='ltr'>ἢ</span> <span class='ocrx_word' id='word_1_58' title='bbox 979 1170 1075 1223; x_wconf 70' lang='grc' dir='ltr'><strong>καὶ</strong></span> <span class='ocrx_word' id='word_1_59' title='bbox 1124 1172 1180 1223; x_wconf 80' lang='grc' dir='ltr'>ὲν</span> <span class='ocrx_word' id='word_1_60' title='bbox 1229 1170 1477 1238; x_wconf 75' lang='grc' dir='ltr'><strong>εἱρκταῖς</strong></span> <span class='ocrx_word' id='word_1_61' title='bbox 1507 1169 1806 1239; x_wconf 62' lang='grc' dir='ltr'>κατεχομέυ</span> 
     </span>
    </p>
   </div>
   <div class='ocr_carea' id='block_1_12' title="bbox 222 1260 1806 1332">
    <p class='ocr_par' dir='ltr' id='par_1_12' title="bbox 222 1260 1806 1332">
     <span class='ocr_line' id='line_1_12' title="bbox 222 1260 1806 1332; baseline 0.001 -20"><span class='ocrx_word' id='word_1_62' title='bbox 222 1278 312 1314; x_wconf 87' lang='grc' dir='ltr'><strong>νου</strong></span> <span class='ocrx_word' id='word_1_63' title='bbox 324 1281 345 1314; x_wconf 87' lang='lat'><em>:</em></span> <span class='ocrx_word' id='word_1_64' title='bbox 364 1262 459 1313; x_wconf 72' lang='grc' dir='ltr'><strong>καὶ</strong></span> <span class='ocrx_word' id='word_1_65' title='bbox 482 1262 924 1332; x_wconf 75' lang='grc' dir='ltr'>τετρυχιομένους</span> <span class='ocrx_word' id='word_1_66' title='bbox 944 1262 1386 1324; x_wconf 78' lang='grc' dir='ltr'>πλουσιωτάτους</span> <span class='ocrx_word' id='word_1_67' title='bbox 1403 1260 1806 1331; x_wconf 74' lang='grc' dir='ltr'>ἐργαζομένους</span> 
     </span>
    </p>
   </div>
   <div class='ocr_carea' id='block_1_13' title="bbox 221 1347 1806 1424">
    <p class='ocr_par' dir='ltr' id='par_1_13' title="bbox 221 1347 1806 1424">
     <span class='ocr_line' id='line_1_13' title="bbox 221 1347 1806 1424; baseline 0.001 -20"><span class='ocrx_word' id='word_1_68' title='bbox 221 1356 349 1416; x_wconf 82' lang='grc' dir='ltr'>ταῖς</span> <span class='ocrx_word' id='word_1_69' title='bbox 402 1354 639 1419; x_wconf 79' lang='grc' dir='ltr'>δόσεσιν,</span> <span class='ocrx_word' id='word_1_70' title='bbox 677 1353 813 1422; x_wconf 68' lang='grc' dir='ltr'>ἐμοῦ</span> <span class='ocrx_word' id='word_1_71' title='bbox 852 1353 991 1423; x_wconf 75' lang='grc' dir='ltr'>πρὸς</span> <span class='ocrx_word' id='word_1_72' title='bbox 1038 1354 1140 1417; x_wconf 85' lang='grc' dir='ltr'><strong>τὰς</strong></span> <span class='ocrx_word' id='word_1_73' title='bbox 1173 1353 1313 1424; x_wconf 81' lang='grc' dir='ltr'>ὑπὲρ</span> <span class='ocrx_word' id='word_1_74' title='bbox 1340 1347 1442 1406; x_wconf 67' lang='grc' dir='ltr'>τοῦ</span> <span class='ocrx_word' id='word_1_75' title='bbox 1478 1355 1806 1424; x_wconf 73' lang='grc' dir='ltr'>αὐτοκράτοο</span> 
     </span>
    </p>
   </div>
   <div class='ocr_carea' id='block_1_14' title="bbox 225 1445 1806 1517">
    <p class='ocr_par' dir='ltr' id='par_1_14' title="bbox 225 1445 1806 1517">
     <span class='ocr_line' id='line_1_14' title="bbox 225 1445 1806 1517; baseline 0.001 -19"><span class='ocrx_word' id='word_1_76' title='bbox 225 1463 318 1515; x_wconf 82' lang='grc' dir='ltr'><strong>ρος</strong></span> <span class='ocrx_word' id='word_1_77' title='bbox 347 1447 513 1513; x_wconf 72' lang='grc' dir='ltr'>εὐχὰς</span> <span class='ocrx_word' id='word_1_78' title='bbox 551 1446 959 1514; x_wconf 85' lang='grc' dir='ltr'>προσεκαλεῖτο.</span> <span class='ocrx_word' id='word_1_79' title='bbox 992 1445 1149 1500; x_wconf 67' lang='grc' dir='ltr'>Ἐπεὶ</span> <span class='ocrx_word' id='word_1_80' title='bbox 1172 1446 1226 1498; x_wconf 77' lang='grc' dir='ltr'>δὲ</span> <span class='ocrx_word' id='word_1_81' title='bbox 1259 1446 1318 1498; x_wconf 81' lang='grc' dir='ltr'><strong>τὸ</strong></span> <span class='ocrx_word' id='word_1_82' title='bbox 1346 1445 1439 1498; x_wconf 83' lang='grc' dir='ltr'>τοῦ</span> <span class='ocrx_word' id='word_1_83' title='bbox 1473 1447 1806 1517; x_wconf 78' lang='grc' dir='ltr'>αὐτοκράτο-</span> 
     </span>
    </p>
   </div>
   <div class='ocr_carea' id='block_1_15' title="bbox 227 1537 1804 1611">
    <p class='ocr_par' dir='ltr' id='par_1_15' title="bbox 227 1537 1804 1611">
     <span class='ocr_line' id='line_1_15' title="bbox 227 1537 1804 1611; baseline -0.002 -18"><span class='ocrx_word' id='word_1_84' title='bbox 227 1555 322 1611; x_wconf 82' lang='grc' dir='ltr'><strong>ρος</strong></span> <span class='ocrx_word' id='word_1_85' title='bbox 392 1538 700 1606; x_wconf 77' lang='grc' dir='ltr'>σπλάγχνον</span> <span class='ocrx_word' id='word_1_86' title='bbox 732 1537 991 1607; x_wconf 78' lang='grc' dir='ltr'>ἐξῳδήκει</span> <span class='ocrx_word' id='word_1_87' title='bbox 1020 1555 1078 1590; x_wconf 87' lang='grc' dir='ltr'><strong>τε</strong></span> <span class='ocrx_word' id='word_1_88' title='bbox 1119 1538 1212 1590; x_wconf 68' lang='grc' dir='ltr'><strong>καὶ</strong></span> <span class='ocrx_word' id='word_1_89' title='bbox 1244 1539 1322 1600; x_wconf 86' lang='grc' dir='ltr'>εἰς</span> <span class='ocrx_word' id='word_1_90' title='bbox 1361 1537 1526 1604; x_wconf 75' lang='grc' dir='ltr'>ὄγκον</span> <span class='ocrx_word' id='word_1_91' title='bbox 1567 1539 1804 1610; x_wconf 61' lang='grc' dir='ltr'>ἐπιφανῆ</span> 
     </span>
    </p>
   </div>
   <div class='ocr_carea' id='block_1_16' title="bbox 228 1631 1807 1703">
    <p class='ocr_par' dir='ltr' id='par_1_16' title="bbox 228 1631 1807 1703">
     <span class='ocr_line' id='line_1_16' title="bbox 228 1631 1807 1703; baseline 0.001 -19"><span class='ocrx_word' id='word_1_92' title='bbox 228 1631 626 1703; x_wconf 72' lang='grc' dir='ltr'>προελήλυθεν,</span> <span class='ocrx_word' id='word_1_93' title='bbox 650 1632 760 1684; x_wconf 81' lang='grc' dir='ltr'>οἵτε</span> <span class='ocrx_word' id='word_1_94' title='bbox 789 1632 950 1694; x_wconf 78' lang='grc' dir='ltr'>πόδες</span> <span class='ocrx_word' id='word_1_95' title='bbox 988 1631 1333 1701; x_wconf 69' lang='grc' dir='ltr'>ἐξῳδήκεσαν</span> <span class='ocrx_word' id='word_1_96' title='bbox 1359 1633 1452 1684; x_wconf 70' lang='grc' dir='ltr'>καὶ</span> <span class='ocrx_word' id='word_1_97' title='bbox 1485 1632 1716 1701; x_wconf 85' lang='grc' dir='ltr'>πυρετὸς</span> <span class='ocrx_word' id='word_1_98' title='bbox 1746 1633 1807 1686; x_wconf 84' lang='grc' dir='ltr'><strong>τὸ</strong></span> 
     </span>
    </p>
   </div>
   <div class='ocr_carea' id='block_1_17' title="bbox 222 1724 1807 1794">
    <p class='ocr_par' dir='ltr' id='par_1_17' title="bbox 222 1724 1807 1794">
     <span class='ocr_line' id='line_1_17' title="bbox 222 1724 1807 1794; baseline 0 -17"><span class='ocrx_word' id='word_1_99' title='bbox 222 1724 506 1794; x_wconf 78' lang='grc' dir='ltr'>βασιλικὸν</span> <span class='ocrx_word' id='word_1_100' title='bbox 541 1725 700 1793; x_wconf 81' lang='grc' dir='ltr'>σῶμα</span> <span class='ocrx_word' id='word_1_101' title='bbox 743 1726 1022 1794; x_wconf 82' lang='grc' dir='ltr'>κατεῖχεν,</span> <span class='ocrx_word' id='word_1_102' title='bbox 1078 1726 1156 1788; x_wconf 82' lang='grc' dir='ltr'>εἰς</span> <span class='ocrx_word' id='word_1_103' title='bbox 1219 1724 1501 1792; x_wconf 72' lang='grc' dir='ltr'>καυτῆρας</span> <span class='ocrx_word' id='word_1_104' title='bbox 1560 1725 1807 1778; x_wconf 79' lang='grc' dir='ltr'>ἐντεῦθέν</span> 
     </span>
    </p>
   </div>
   <div class='ocr_carea' id='block_1_18' title="bbox 220 1815 1805 1884">
    <p class='ocr_par' dir='ltr' id='par_1_18' title="bbox 220 1815 1805 1884">
     <span class='ocr_line' id='line_1_18' title="bbox 220 1815 1805 1884; baseline 0.001 -18"><span class='ocrx_word' id='word_1_105' title='bbox 220 1830 370 1876; x_wconf 81' lang='grc' dir='ltr'>τινες</span> <span class='ocrx_word' id='word_1_106' title='bbox 400 1815 510 1867; x_wconf 83' lang='grc' dir='ltr'><strong>τῶν</strong></span> <span class='ocrx_word' id='word_1_107' title='bbox 548 1816 748 1882; x_wconf 72' lang='grc' dir='ltr'>ἰατρῶν</span> <span class='ocrx_word' id='word_1_108' title='bbox 768 1815 992 1882; x_wconf 79' lang='grc' dir='ltr'>ἀπεῖδον</span> <span class='ocrx_word' id='word_1_109' title='bbox 1024 1815 1196 1884; x_wconf 72' lang='grc' dir='ltr'>μικρὰ</span> <span class='ocrx_word' id='word_1_110' title='bbox 1240 1815 1664 1883; x_wconf 59' lang='grc' dir='ltr'>πεφροντικότες</span> <span class='ocrx_word' id='word_1_111' title='bbox 1711 1815 1805 1868; x_wconf 80' lang='grc' dir='ltr'>τοῦ</span> 
     </span>
    </p>
   </div>
   <div class='ocr_carea' id='block_1_19' title="bbox 225 1901 1807 1975">
    <p class='ocr_par' dir='ltr' id='par_1_19' title="bbox 225 1901 1807 1975">
     <span class='ocr_line' id='line_1_19' title="bbox 225 1901 1807 1975; baseline 0.001 -18"><span class='ocrx_word' id='word_1_112' title='bbox 225 1904 498 1974; x_wconf 80' lang='grc' dir='ltr'>πυρετοῦ.</span> <span class='ocrx_word' id='word_1_113' title='bbox 543 1905 685 1956; x_wconf 81' lang='grc' dir='ltr'>Ἀλλ’</span> <span class='ocrx_word' id='word_1_114' title='bbox 727 1901 797 1974; x_wconf 79' lang='grc' dir='ltr'>ἦν</span> <span class='ocrx_word' id='word_1_115' title='bbox 831 1906 1018 1960; x_wconf 76' lang='grc' dir='ltr'>ἅπασα</span> <span class='ocrx_word' id='word_1_116' title='bbox 1074 1905 1342 1973; x_wconf 77' lang='grc' dir='ltr'>θεραπεία</span> <span class='ocrx_word' id='word_1_117' title='bbox 1393 1906 1675 1975; x_wconf 70' lang='grc' dir='ltr'>ἀνωφελὴς</span> <span class='ocrx_word' id='word_1_118' title='bbox 1714 1906 1807 1959; x_wconf 74' lang='grc' dir='ltr'>καὶ</span> 
     </span>
    </p>
   </div>
   <div class='ocr_carea' id='block_1_20' title="bbox 1903 709 3473 791">
    <p class='ocr_par' dir='ltr' id='par_1_20' title="bbox 1903 709 3473 791">
     <span class='ocr_line' id='line_1_20' title="bbox 1903 709 3473 791; baseline 0.008 -28"><span class='ocrx_word' id='word_1_119' title='bbox 1903 709 1998 763; x_wconf 84' lang='lat' dir='ltr'><strong>sed</strong></span> <span class='ocrx_word' id='word_1_120' title='bbox 2052 709 2118 762; x_wconf 91' lang='lat' dir='ltr'><strong>ad</strong></span> <span class='ocrx_word' id='word_1_121' title='bbox 2169 710 2304 764; x_wconf 88' lang='lat' dir='ltr'><strong>alios</strong></span> <span class='ocrx_word' id='word_1_122' title='bbox 2350 712 2679 784; x_wconf 86' lang='lat' dir='ltr'><strong>ubicunque,</strong></span> <span class='ocrx_word' id='word_1_123' title='bbox 2731 724 2872 771; x_wconf 88' lang='lat' dir='ltr'><strong>terra</strong></span> <span class='ocrx_word' id='word_1_124' title='bbox 2932 718 3199 789; x_wconf 88' lang='lat' dir='ltr'><strong>marique,</strong></span> <span class='ocrx_word' id='word_1_125' title='bbox 3247 723 3473 791; x_wconf 73' lang='lat' dir='ltr'><strong>penuria</strong></span> 
     </span>
    </p>
   </div>
   <div class='ocr_carea' id='block_1_21' title="bbox 1903 800 3474 869">
    <p class='ocr_par' dir='ltr' id='par_1_21' title="bbox 1903 800 3474 869">
     <span class='ocr_line' id='line_1_21' title="bbox 1903 800 3474 869; baseline 0.011 -16"><span class='ocrx_word' id='word_1_126' title='bbox 1903 800 2214 856; x_wconf 79' lang='lat' dir='ltr'><strong>laborantes</strong></span> <span class='ocrx_word' id='word_1_127' title='bbox 2272 802 2599 860; x_wconf 86' lang='lat' dir='ltr'><strong>missitabat.</strong></span> <span class='ocrx_word' id='word_1_128' title='bbox 2662 806 2958 865; x_wconf 77' lang='lat' dir='ltr'><strong>Monachus</strong></span> <span class='ocrx_word' id='word_1_129' title='bbox 3012 813 3177 866; x_wconf 81' lang='lat' dir='ltr'><strong>etiam</strong></span> <span class='ocrx_word' id='word_1_130' title='bbox 3240 825 3474 869; x_wconf 88' lang='lat' dir='ltr'><strong>cunctos</strong></span> 
     </span>
    </p>
   </div>
   <div class='ocr_carea' id='block_1_22' title="bbox 1903 893 3476 974">
    <p class='ocr_par' dir='ltr' id='par_1_22' title="bbox 1903 893 3476 974">
     <span class='ocr_line' id='line_1_22' title="bbox 1903 893 3476 974; baseline 0.012 -30"><span class='ocrx_word' id='word_1_131' title='bbox 1903 893 2103 961; x_wconf 82' lang='lat' dir='ltr'><strong>quique</strong></span> <span class='ocrx_word' id='word_1_132' title='bbox 2125 894 2420 950; x_wconf 72' lang='lat' dir='ltr'><strong>solitariam</strong></span> <span class='ocrx_word' id='word_1_133' title='bbox 2447 897 2497 952; x_wconf 91' lang='lat' dir='ltr'><strong>in</strong></span> <span class='ocrx_word' id='word_1_134' title='bbox 2533 901 2803 956; x_wconf 84' lang='lat' dir='ltr'><strong>montibus</strong></span> <span class='ocrx_word' id='word_1_135' title='bbox 2836 913 2888 957; x_wconf 90' lang='lat' dir='ltr'><strong>et</strong></span> <span class='ocrx_word' id='word_1_136' title='bbox 2916 904 3190 974; x_wconf 88' lang='lat' dir='ltr'><strong>speluncis</strong></span> <span class='ocrx_word' id='word_1_137' title='bbox 3217 917 3476 963; x_wconf 75' lang='lat' dir='ltr'><strong>exercent</strong></span> 
     </span>
    </p>
   </div>
   <div class='ocr_carea' id='block_1_23' title="bbox 1907 984 3475 1060">
    <p class='ocr_par' dir='ltr' id='par_1_23' title="bbox 1907 984 3475 1060">
     <span class='ocr_line' id='line_1_23' title="bbox 1907 984 3475 1060; baseline 0.012 -26"><span class='ocrx_word' id='word_1_138' title='bbox 1907 984 2097 1048; x_wconf 80' lang='lat' dir='ltr'><strong>vitam,</strong></span> <span class='ocrx_word' id='word_1_139' title='bbox 2157 985 2355 1054; x_wconf 86' lang='lat' dir='ltr'><strong>quique</strong></span> <span class='ocrx_word' id='word_1_140' title='bbox 2390 989 2493 1042; x_wconf 87' lang='lat' dir='ltr'><strong>alia</strong></span> <span class='ocrx_word' id='word_1_141' title='bbox 2536 991 2745 1046; x_wconf 90' lang='lat' dir='ltr'><strong>ratione</strong></span> <span class='ocrx_word' id='word_1_142' title='bbox 2777 994 3002 1060; x_wconf 69' lang='lat' dir='ltr'><strong>sejunrti</strong></span> <span class='ocrx_word' id='word_1_143' title='bbox 3036 1011 3064 1050; x_wconf 87' lang='lat' dir='ltr'><strong>a</strong></span> <span class='ocrx_word' id='word_1_144' title='bbox 3094 998 3241 1052; x_wconf 90' lang='lat' dir='ltr'><strong>curis</strong></span> <span class='ocrx_word' id='word_1_145' title='bbox 3280 998 3475 1052; x_wconf 79' lang='lat' dir='ltr'><strong>huma-</strong></span> 
     </span>
    </p>
   </div>
   <div class='ocr_carea' id='block_1_24' title="bbox 1905 1074 3498 1144">
    <p class='ocr_par' dir='ltr' id='par_1_24' title="bbox 1905 1074 3498 1144">
     <span class='ocr_line' id='line_1_24' title="bbox 1905 1074 3498 1144; baseline 0.009 -15"><span class='ocrx_word' id='word_1_146' title='bbox 1905 1074 1988 1130; x_wconf 89' lang='lat' dir='ltr'><strong>nis</strong></span> <span class='ocrx_word' id='word_1_147' title='bbox 2038 1075 2282 1144; x_wconf 74' lang='lat' dir='ltr'><strong>religioni</strong></span> <span class='ocrx_word' id='word_1_148' title='bbox 2332 1089 2546 1144; x_wconf 85' lang='lat' dir='ltr'><strong>vacarrt,</strong></span> <span class='ocrx_word' id='word_1_149' title='bbox 2594 1083 2811 1138; x_wconf 82' lang='lat' dir='ltr'><strong>assidue</strong></span> <span class='ocrx_word' id='word_1_150' title='bbox 2852 1084 3080 1138; x_wconf 83' lang='lat' dir='ltr'><strong>hortans</strong></span> <span class='ocrx_word' id='word_1_151' title='bbox 3121 1100 3186 1140; x_wconf 92' lang='lat' dir='ltr'><strong>ac</strong></span> <span class='ocrx_word' id='word_1_152' title='bbox 3231 1077 3498 1144; x_wconf 37' lang='lat' dir='ltr'><strong>excitans“.</strong></span> 
     </span>
    </p>
   </div>
   <div class='ocr_carea' id='block_1_25' title="bbox 1908 1166 3478 1247">
    <p class='ocr_par' dir='ltr' id='par_1_25' title="bbox 1908 1166 3478 1247">
     <span class='ocr_line' id='line_1_25' title="bbox 1908 1166 3478 1247; baseline 0.01 -28"><span class='ocrx_word' id='word_1_153' title='bbox 1908 1167 1974 1219; x_wconf 85' lang='lat' dir='ltr'><strong>ad</strong></span> <span class='ocrx_word' id='word_1_154' title='bbox 2025 1166 2416 1224; x_wconf 74' lang='lat' dir='ltr'><strong>intentissimas</strong></span> <span class='ocrx_word' id='word_1_155' title='bbox 2466 1187 2562 1240; x_wconf 87' lang='lat' dir='ltr'><strong>pro</strong></span> <span class='ocrx_word' id='word_1_156' title='bbox 2596 1171 2936 1241; x_wconf 75' lang='lat' dir='ltr'><strong>imperatoris</strong></span> <span class='ocrx_word' id='word_1_157' title='bbox 2977 1175 3149 1231; x_wconf 88' lang='lat' dir='ltr'><strong>salute</strong></span> <span class='ocrx_word' id='word_1_158' title='bbox 3189 1193 3376 1247; x_wconf 84' lang='lat' dir='ltr'><strong>preces</strong></span> <span class='ocrx_word' id='word_1_159' title='bbox 3407 1177 3478 1235; x_wconf 88' lang='lat' dir='ltr'><strong>ad</strong></span> 
     </span>
    </p>
   </div>
   <div class='ocr_carea' id='block_1_26' title="bbox 1909 1256 3482 1338">
    <p class='ocr_par' dir='ltr' id='par_1_26' title="bbox 1909 1256 3482 1338">
     <span class='ocr_line' id='line_1_26' title="bbox 1909 1256 3482 1338; baseline 0.01 -28"><span class='ocrx_word' id='word_1_160' title='bbox 1909 1256 2075 1310; x_wconf 81' lang='lat' dir='ltr'><strong>Deum</strong></span> <span class='ocrx_word' id='word_1_161' title='bbox 2121 1258 2336 1313; x_wconf 84' lang='lat' dir='ltr'><strong>assidue</strong></span> <span class='ocrx_word' id='word_1_162' title='bbox 2384 1257 2702 1316; x_wconf 71' lang='lat' dir='ltr'><strong>fundendus.</strong></span> <span class='ocrx_word' id='word_1_163' title='bbox 2761 1264 2913 1332; x_wconf 86' lang='lat' dir='ltr'><strong>Quod</strong></span> <span class='ocrx_word' id='word_1_164' title='bbox 2965 1267 3138 1336; x_wconf 79' lang='lat' dir='ltr'><strong>ipsum</strong></span> <span class='ocrx_word' id='word_1_165' title='bbox 3196 1268 3249 1322; x_wconf 86' lang='lat' dir='ltr'><strong>in</strong></span> <span class='ocrx_word' id='word_1_166' title='bbox 3292 1269 3482 1338; x_wconf 64' lang='lat' dir='ltr'><strong>gratia</strong></span> 
     </span>
    </p>
   </div>
   <div class='ocr_carea' id='block_1_27' title="bbox 1905 1349 3479 1430">
    <p class='ocr_par' dir='ltr' id='par_1_27' title="bbox 1905 1349 3479 1430">
     <span class='ocr_line' id='line_1_27' title="bbox 1905 1349 3479 1430; baseline 0.009 -29"><span class='ocrx_word' id='word_1_167' title='bbox 1905 1349 2077 1404; x_wconf 84' lang='lat' dir='ltr'><strong>vicem</strong></span> <span class='ocrx_word' id='word_1_168' title='bbox 2135 1364 2372 1405; x_wconf 83' lang='lat' dir='ltr'><strong>mutuam</strong></span> <span class='ocrx_word' id='word_1_169' title='bbox 2404 1352 2563 1408; x_wconf 81' lang='lat' dir='ltr'><strong>enixe</strong></span> <span class='ocrx_word' id='word_1_170' title='bbox 2608 1355 2965 1412; x_wconf 90' lang='lat' dir='ltr'><strong>contendebat</strong></span> <span class='ocrx_word' id='word_1_171' title='bbox 3000 1359 3068 1412; x_wconf 91' lang='lat' dir='ltr'><strong>ab</strong></span> <span class='ocrx_word' id='word_1_172' title='bbox 3113 1359 3175 1414; x_wconf 91' lang='lat' dir='ltr'><strong>iis</strong></span> <span class='ocrx_word' id='word_1_173' title='bbox 3203 1361 3479 1430; x_wconf 82' lang='lat' dir='ltr'><strong>omnibus,</strong></span> 
     </span>
    </p>
   </div>
   <div class='ocr_carea' id='block_1_28' title="bbox 1905 1441 3480 1516">
    <p class='ocr_par' dir='ltr' id='par_1_28' title="bbox 1905 1441 3480 1516">
     <span class='ocr_line' id='line_1_28' title="bbox 1905 1441 3480 1516; baseline 0.011 -26"><span class='ocrx_word' id='word_1_174' title='bbox 1905 1455 2043 1509; x_wconf 87' lang='lat' dir='ltr'><strong>quos</strong></span> <span class='ocrx_word' id='word_1_175' title='bbox 2093 1441 2296 1496; x_wconf 72' lang='lat' dir='ltr'><strong>morbis</strong></span> <span class='ocrx_word' id='word_1_176' title='bbox 2348 1442 2597 1508; x_wconf 69' lang='lat' dir='ltr'><strong>:ifllictos,</strong></span> <span class='ocrx_word' id='word_1_177' title='bbox 2639 1446 2847 1499; x_wconf 79' lang='lat' dir='ltr'><strong>vinctos</strong></span> <span class='ocrx_word' id='word_1_178' title='bbox 2897 1448 3268 1516; x_wconf 89' lang='lat' dir='ltr'><strong>compedibus,</strong></span> <span class='ocrx_word' id='word_1_179' title='bbox 3323 1451 3480 1508; x_wconf 82' lang='lat' dir='ltr'><strong>malis</strong></span> 
     </span>
    </p>
   </div>
   <div class='ocr_carea' id='block_1_29' title="bbox 1908 1531 3480 1610">
    <p class='ocr_par' dir='ltr' id='par_1_29' title="bbox 1908 1531 3480 1610">
     <span class='ocr_line' id='line_1_29' title="bbox 1908 1531 3480 1610; baseline 0.007 -26"><span class='ocrx_word' id='word_1_180' title='bbox 1908 1531 2027 1586; x_wconf 84' lang='lat' dir='ltr'><strong>aliis</strong></span> <span class='ocrx_word' id='word_1_181' title='bbox 2075 1532 2414 1603; x_wconf 83' lang='lat' dir='ltr'><strong>miseriisque</strong></span> <span class='ocrx_word' id='word_1_182' title='bbox 2463 1535 2701 1603; x_wconf 81' lang='lat' dir='ltr'><strong>attritos,</strong></span> <span class='ocrx_word' id='word_1_183' title='bbox 2757 1538 3176 1606; x_wconf 86' lang='lat' dir='ltr'><strong>donationibus,</strong></span> <span class='ocrx_word' id='word_1_184' title='bbox 3237 1550 3299 1596; x_wconf 91' lang='lat' dir='ltr'><strong>ut</strong></span> <span class='ocrx_word' id='word_1_185' title='bbox 3343 1541 3480 1610; x_wconf 83' lang='lat' dir='ltr'><strong>dixi,</strong></span> 
     </span>
    </p>
   </div>
   <div class='ocr_carea' id='block_1_30' title="bbox 1907 1622 3484 1696">
    <p class='ocr_par' dir='ltr' id='par_1_30' title="bbox 1907 1622 3484 1696">
     <span class='ocr_line' id='line_1_30' title="bbox 1907 1622 3484 1696; baseline 0.008 -20"><span class='ocrx_word' id='word_1_186' title='bbox 1907 1622 2247 1688; x_wconf 78' lang='lat' dir='ltr'><strong>largissimis,</strong></span> <span class='ocrx_word' id='word_1_187' title='bbox 2279 1639 2498 1696; x_wconf 74' lang='lat' dir='ltr'><strong>repente</strong></span> <span class='ocrx_word' id='word_1_188' title='bbox 2530 1626 2600 1681; x_wconf 89' lang='lat' dir='ltr'><strong>de</strong></span> <span class='ocrx_word' id='word_1_189' title='bbox 2639 1628 2904 1682; x_wconf 90' lang='lat' dir='ltr'><strong>mendicis</strong></span> <span class='ocrx_word' id='word_1_190' title='bbox 2945 1627 3161 1689; x_wconf 80' lang='lat' dir='ltr'><strong>divites,</strong></span> <span class='ocrx_word' id='word_1_191' title='bbox 3206 1631 3272 1686; x_wconf 91' lang='lat' dir='ltr'><strong>de</strong></span> <span class='ocrx_word' id='word_1_192' title='bbox 3307 1632 3484 1689; x_wconf 85' lang='lat' dir='ltr'><strong>infeli-</strong></span> 
     </span>
    </p>
   </div>
   <div class='ocr_carea' id='block_1_31' title="bbox 1904 1715 3482 1785">
    <p class='ocr_par' dir='ltr' id='par_1_31' title="bbox 1904 1715 3482 1785">
     <span class='ocr_line' id='line_1_31' title="bbox 1904 1715 3482 1785; baseline 0.006 -15"><span class='ocrx_word' id='word_1_193' title='bbox 1904 1715 2138 1770; x_wconf 69' lang='lat' dir='ltr'><strong>cissimis</strong></span> <span class='ocrx_word' id='word_1_194' title='bbox 2167 1716 2623 1771; x_wconf 77' lang='lat' dir='ltr'><strong>fortunatisSimos</strong></span> <span class='ocrx_word' id='word_1_195' title='bbox 2653 1719 2937 1774; x_wconf 88' lang='lat' dir='ltr'><strong>reddebat.</strong></span> <span class='ocrx_word' id='word_1_196' title='bbox 2963 1720 3208 1785; x_wconf 77' lang='lat' dir='ltr'><strong>Interim,</strong></span> <span class='ocrx_word' id='word_1_197' title='bbox 3242 1739 3362 1778; x_wconf 87' lang='lat' dir='ltr'><strong>cum</strong></span> <span class='ocrx_word' id='word_1_198' title='bbox 3397 1727 3482 1780; x_wconf 88' lang='lat' dir='ltr'><strong>in-</strong></span> 
     </span>
    </p>
   </div>
   <div class='ocr_carea' id='block_1_32' title="bbox 1911 1807 3486 1874">
    <p class='ocr_par' dir='ltr' id='par_1_32' title="bbox 1911 1807 3486 1874">
     <span class='ocr_line' id='line_1_32' title="bbox 1911 1807 3486 1874; baseline 0.011 -18"><span class='ocrx_word' id='word_1_199' title='bbox 1911 1807 2335 1859; x_wconf 84' lang='lat' dir='ltr'><strong>tumescentibus</strong></span> <span class='ocrx_word' id='word_1_200' title='bbox 2361 1808 2586 1874; x_wconf 80' lang='lat' dir='ltr'><strong>Augusti</strong></span> <span class='ocrx_word' id='word_1_201' title='bbox 2614 1809 2910 1864; x_wconf 88' lang='lat' dir='ltr'><strong>visccribus</strong></span> <span class='ocrx_word' id='word_1_202' title='bbox 2945 1816 3275 1869; x_wconf 81' lang='lat' dir='ltr'><strong>excrevisset</strong></span> <span class='ocrx_word' id='word_1_203' title='bbox 3299 1815 3486 1873; x_wconf 66' lang='lat' dir='ltr'><strong>venter</strong></span> 
     </span>
    </p>
   </div>
   <div class='ocr_carea' id='block_1_33' title="bbox 1909 1897 3487 1980">
    <p class='ocr_par' dir='ltr' id='par_1_33' title="bbox 1909 1897 3487 1980">
     <span class='ocr_line' id='line_1_33' title="bbox 1909 1897 3487 1980; baseline 0.011 -31"><span class='ocrx_word' id='word_1_204' title='bbox 1909 1899 1960 1950; x_wconf 86' lang='lat' dir='ltr'><strong>in</strong></span> <span class='ocrx_word' id='word_1_205' title='bbox 1993 1897 2184 1950; x_wconf 87' lang='lat' dir='ltr'><strong>molem</strong></span> <span class='ocrx_word' id='word_1_206' title='bbox 2213 1909 2363 1951; x_wconf 77' lang='lat' dir='ltr'><strong>extra</strong></span> <span class='ocrx_word' id='word_1_207' title='bbox 2399 1899 2612 1954; x_wconf 90' lang='lat' dir='ltr'><strong>modum</strong></span> <span class='ocrx_word' id='word_1_208' title='bbox 2649 1904 3064 1970; x_wconf 81' lang='lat' dir='ltr'><strong>prominentem,</strong></span> <span class='ocrx_word' id='word_1_209' title='bbox 3091 1907 3253 1976; x_wconf 89' lang='lat' dir='ltr'><strong>pedes</strong></span> <span class='ocrx_word' id='word_1_210' title='bbox 3272 1924 3487 1980; x_wconf 84' lang='lat' dir='ltr'><strong>quoque</strong></span> 
     </span>
    </p>
   </div>
   <div class='ocr_carea' id='block_1_34' title="bbox 220 1969 1808 2066">
    <p class='ocr_par' dir='ltr' id='par_1_34' title="bbox 220 1994 1804 2066">
     <span class='ocr_line' id='line_1_34' title="bbox 220 1994 1804 2066; baseline 0 -18"><span class='ocrx_word' id='word_1_211' title='bbox 220 1997 380 2066; x_wconf 76' lang='grc' dir='ltr'>κενή.</span> <span class='ocrx_word' id='word_1_212' title='bbox 431 1995 566 2049; x_wconf 74' lang='grc' dir='ltr'>Οὐδὲ</span> <span class='ocrx_word' id='word_1_213' title='bbox 623 1996 729 2065; x_wconf 81' lang='grc' dir='ltr'>γὰρ</span> <span class='ocrx_word' id='word_1_214' title='bbox 760 1997 786 2047; x_wconf 81' lang='grc' dir='ltr'>ὁ</span> <span class='ocrx_word' id='word_1_215' title='bbox 817 1995 1034 2066; x_wconf 76' lang='grc' dir='ltr'>καυτὴρ</span> <span class='ocrx_word' id='word_1_216' title='bbox 1096 1994 1328 2065; x_wconf 74' lang='grc' dir='ltr'>ὤνησεν,</span> <span class='ocrx_word' id='word_1_217' title='bbox 1381 1995 1496 2047; x_wconf 71' lang='grc' dir='ltr'>ἀλλ’</span> <span class='ocrx_word' id='word_1_218' title='bbox 1537 1998 1804 2060; x_wconf 70' lang='grc' dir='ltr'>ἐναυτοῖς</span> 
     </span>
    </p>
   </div>
   <div class='ocr_carea' id='block_1_35' title="bbox 1914 1969 3485 2066">
    <p class='ocr_par' dir='ltr' id='par_1_35' title="bbox 1914 1969 3485 2064">
     <span class='ocr_line' id='line_1_35' title="bbox 1914 1969 3485 2064; baseline 0.013 -24"><span class='ocrx_word' id='word_1_219' title='bbox 1914 1988 2104 2057; x_wconf 83' lang='lat' dir='ltr'><strong>turgidi</strong></span> <span class='ocrx_word' id='word_1_220' title='bbox 2137 2001 2317 2044; x_wconf 80' lang='lat' dir='ltr'><strong>essent</strong></span> <span class='ocrx_word' id='word_1_221' title='bbox 2359 1990 2507 2054; x_wconf 83' lang='lat' dir='ltr'><strong>facti,</strong></span> <span class='ocrx_word' id='word_1_222' title='bbox 2555 2008 2616 2045; x_wconf 89' lang='lat' dir='ltr'><strong>ac</strong></span> <span class='ocrx_word' id='word_1_223' title='bbox 2650 2009 2849 2064; x_wconf 89' lang='lat' dir='ltr'><strong>corpus</strong></span> <span class='ocrx_word' id='word_1_224' title='bbox 2883 2003 3051 2051; x_wconf 70' lang='lat' dir='ltr'><strong>torum</strong></span> <span class='ocrx_word' id='word_1_225' title='bbox 3086 1997 3252 2054; x_wconf 81' lang='lat' dir='ltr'><strong>febris</strong></span> <span class='ocrx_word' id='word_1_226' title='bbox 3285 1969 3485 2060; x_wconf 68' lang='lat' dir='ltr'><strong>ardens</strong></span> 
     </span>
    </p>
   </div>
   <div class='ocr_carea' id='block_1_36' title="bbox 219 2082 1801 2155">
    <p class='ocr_par' dir='ltr' id='par_1_36' title="bbox 219 2082 1801 2155">
     <span class='ocr_line' id='line_1_36' title="bbox 219 2082 1801 2155; baseline 0 -16"><span class='ocrx_word' id='word_1_227' title='bbox 219 2089 317 2139; x_wconf 67' lang='grc' dir='ltr'><strong>καὶ</strong></span> <span class='ocrx_word' id='word_1_228' title='bbox 345 2088 407 2139; x_wconf 73' lang='grc' dir='ltr'>τὸ</span> <span class='ocrx_word' id='word_1_229' title='bbox 443 2088 752 2155; x_wconf 77' lang='grc' dir='ltr'>σπλάγχνον</span> <span class='ocrx_word' id='word_1_230' title='bbox 804 2082 871 2155; x_wconf 73' lang='grc' dir='ltr'>ἦν</span> <span class='ocrx_word' id='word_1_231' title='bbox 899 2090 992 2138; x_wconf 72' lang='grc' dir='ltr'><strong>καὶ</strong></span> <span class='ocrx_word' id='word_1_232' title='bbox 1027 2086 1091 2138; x_wconf 73' lang='grc' dir='ltr'><strong>τὰ</strong></span> <span class='ocrx_word' id='word_1_233' title='bbox 1125 2087 1538 2139; x_wconf 70' lang='grc' dir='ltr'>ἀναπνευστικὰ</span> <span class='ocrx_word' id='word_1_234' title='bbox 1605 2087 1801 2140; x_wconf 80' lang='grc' dir='ltr'>δυσκό-</span> 
     </span>
    </p>
   </div>
   <div class='ocr_carea' id='block_1_37' title="bbox 219 2176 1803 2249">
    <p class='ocr_par' dir='ltr' id='par_1_37' title="bbox 219 2176 1803 2249">
     <span class='ocr_line' id='line_1_37' title="bbox 219 2176 1803 2249; baseline 0.002 -21"><span class='ocrx_word' id='word_1_235' title='bbox 219 2176 330 2241; x_wconf 84' lang='grc' dir='ltr'><strong>λως</strong></span> <span class='ocrx_word' id='word_1_236' title='bbox 362 2179 573 2248; x_wconf 74' lang='grc' dir='ltr'>ἔχοντα·</span> <span class='ocrx_word' id='word_1_237' title='bbox 617 2178 806 2249; x_wconf 84' lang='grc' dir='ltr'>ῶσπερ</span> <span class='ocrx_word' id='word_1_238' title='bbox 833 2178 888 2230; x_wconf 80' lang='grc' dir='ltr'><strong>δὲ</strong></span> <span class='ocrx_word' id='word_1_239' title='bbox 917 2178 974 2242; x_wconf 80' lang='grc' dir='ltr'>ἐξ</span> <span class='ocrx_word' id='word_1_240' title='bbox 1003 2178 1164 2249; x_wconf 77' lang='grc' dir='ltr'>ἄλλης</span> <span class='ocrx_word' id='word_1_241' title='bbox 1203 2181 1384 2248; x_wconf 71' lang='grc' dir='ltr'>πηγῆς</span> <span class='ocrx_word' id='word_1_242' title='bbox 1422 2179 1692 2248; x_wconf 77' lang='grc' dir='ltr'>ῥεύματος</span> <span class='ocrx_word' id='word_1_243' title='bbox 1723 2179 1803 2242; x_wconf 76' lang='grc' dir='ltr'><strong>εἰς</strong></span> 
     </span>
    </p>
   </div>
   <div class='ocr_carea' id='block_1_38' title="bbox 217 2261 1806 2340">
    <p class='ocr_par' dir='ltr' id='par_1_38' title="bbox 217 2261 1806 2340">
     <span class='ocr_line' id='line_1_38' title="bbox 217 2261 1806 2340; baseline -0.001 -18"><span class='ocrx_word' id='word_1_244' title='bbox 217 2271 315 2323; x_wconf 67' lang='grc' dir='ltr'>τὸν</span> <span class='ocrx_word' id='word_1_245' title='bbox 345 2271 721 2339; x_wconf 82' lang='grc' dir='ltr'>γαργαρεῶνα</span> <span class='ocrx_word' id='word_1_246' title='bbox 767 2269 1182 2339; x_wconf 74' lang='grc' dir='ltr'>ἐπενεχθέντος,</span> <span class='ocrx_word' id='word_1_247' title='bbox 1219 2271 1314 2322; x_wconf 77' lang='grc' dir='ltr'><strong>καὶ</strong></span> <span class='ocrx_word' id='word_1_248' title='bbox 1359 2261 1436 2322; x_wconf 80' lang='grc' dir='ltr'>ὧν</span> <span class='ocrx_word' id='word_1_249' title='bbox 1471 2273 1518 2322; x_wconf 80' lang='grc' dir='ltr'>οἱ</span> <span class='ocrx_word' id='word_1_250' title='bbox 1574 2270 1806 2340; x_wconf 72' lang='grc' dir='ltr'>Ἀσκλη-</span> 
     </span>
    </p>
   </div>
   <div class='ocr_carea' id='block_1_39' title="bbox 220 2349 1808 2434">
    <p class='ocr_par' dir='ltr' id='par_1_39' title="bbox 220 2362 1808 2434">
     <span class='ocr_line' id='line_1_39' title="bbox 220 2362 1808 2434; baseline 0.002 -19"><span class='ocrx_word' id='word_1_251' title='bbox 220 2363 422 2416; x_wconf 77' lang='grc' dir='ltr'>πιάδαι</span> <span class='ocrx_word' id='word_1_252' title='bbox 449 2363 614 2430; x_wconf 69' lang='grc' dir='ltr'>φασὶν</span> <span class='ocrx_word' id='word_1_253' title='bbox 644 2362 892 2434; x_wconf 82' lang='grc' dir='ltr'>οὐρανῶν</span> <span class='ocrx_word' id='word_1_254' title='bbox 921 2363 1323 2434; x_wconf 72' lang='grc' dir='ltr'>ἐπιλαϐομένης</span> <span class='ocrx_word' id='word_1_255' title='bbox 1375 2366 1469 2418; x_wconf 75' lang='grc' dir='ltr'><strong>καὶ</strong></span> <span class='ocrx_word' id='word_1_256' title='bbox 1499 2364 1604 2418; x_wconf 84' lang='grc' dir='ltr'><strong>τῶν</strong></span> <span class='ocrx_word' id='word_1_257' title='bbox 1635 2363 1808 2418; x_wconf 75' lang='grc' dir='ltr'>οὐλῶν</span> 
     </span>
    </p>
   </div>
   <div class='ocr_carea' id='block_1_40' title="bbox 220 2454 1810 2526">
    <p class='ocr_par' dir='ltr' id='par_1_40' title="bbox 220 2454 1810 2526">
     <span class='ocr_line' id='line_1_40' title="bbox 220 2454 1810 2526; baseline 0.001 -20"><span class='ocrx_word' id='word_1_258' title='bbox 220 2454 406 2506; x_wconf 75' lang='grc' dir='ltr'>αὐτῶν</span> <span class='ocrx_word' id='word_1_259' title='bbox 440 2455 873 2524; x_wconf 73' lang='grc' dir='ltr'>φλεγμανάντων</span> <span class='ocrx_word' id='word_1_260' title='bbox 911 2454 976 2520; x_wconf 86' lang='grc'><strong>⁸³,</strong></span> <span class='ocrx_word' id='word_1_261' title='bbox 1016 2456 1109 2508; x_wconf 79' lang='grc' dir='ltr'>καὶ</span> <span class='ocrx_word' id='word_1_262' title='bbox 1153 2455 1254 2524; x_wconf 74' lang='grc' dir='ltr'>τῆς</span> <span class='ocrx_word' id='word_1_263' title='bbox 1314 2459 1597 2526; x_wconf 77' lang='grc' dir='ltr'>φάρυγγος</span> <span class='ocrx_word' id='word_1_264' title='bbox 1629 2455 1810 2525; x_wconf 83' lang='grc' dir='ltr'>ἀπαρ-</span> 
     </span>
    </p>
   </div>
   <div class='ocr_carea' id='block_1_41' title="bbox 215 2544 1809 2619">
    <p class='ocr_par' dir='ltr' id='par_1_41' title="bbox 215 2544 1809 2619">
     <span class='ocr_line' id='line_1_41' title="bbox 215 2544 1809 2619; baseline 0.001 -22"><span class='ocrx_word' id='word_1_265' title='bbox 215 2544 416 2617; x_wconf 71' lang='grc' dir='ltr'>θείσης</span> <span class='ocrx_word' id='word_1_266' title='bbox 442 2547 535 2598; x_wconf 73' lang='grc' dir='ltr'><strong>καὶ</strong></span> <span class='ocrx_word' id='word_1_267' title='bbox 564 2547 660 2616; x_wconf 83' lang='grc' dir='ltr'>τῆς</span> <span class='ocrx_word' id='word_1_268' title='bbox 690 2545 967 2615; x_wconf 77' lang='grc' dir='ltr'>γλώττης,</span> <span class='ocrx_word' id='word_1_269' title='bbox 1036 2544 1434 2619; x_wconf 79' lang='grc' dir='ltr'>ὲξογκωοείσης</span> <span class='ocrx_word' id='word_1_270' title='bbox 1482 2546 1733 2601; x_wconf 73' lang='grc' dir='ltr'>ἐντεῦθεν</span> <span class='ocrx_word' id='word_1_271' title='bbox 1761 2547 1809 2599; x_wconf 80' lang='grc' dir='ltr'><strong>οῖ</strong></span> 
     </span>
    </p>
   </div>
   <div class='ocr_carea' id='block_1_42' title="bbox 220 2637 1810 2710">
    <p class='ocr_par' dir='ltr' id='par_1_42' title="bbox 220 2637 1810 2710">
     <span class='ocr_line' id='line_1_42' title="bbox 220 2637 1810 2710; baseline 0.001 -19"><span class='ocrx_word' id='word_1_272' title='bbox 220 2639 387 2708; x_wconf 74' lang='grc' dir='ltr'>πόροι</span> <span class='ocrx_word' id='word_1_273' title='bbox 414 2655 474 2690; x_wconf 87' lang='grc' dir='ltr'><strong>τε</strong></span> <span class='ocrx_word' id='word_1_274' title='bbox 500 2638 974 2707; x_wconf 78' lang='grc' dir='ltr'>ἀπεστενὼθησαν</span> <span class='ocrx_word' id='word_1_275' title='bbox 1018 2639 1157 2710; x_wconf 72' lang='grc' dir='ltr'>πρὸς</span> <span class='ocrx_word' id='word_1_276' title='bbox 1213 2639 1278 2692; x_wconf 71' lang='grc' dir='ltr'><strong>τὰ</strong></span> <span class='ocrx_word' id='word_1_277' title='bbox 1337 2637 1548 2692; x_wconf 75' lang='grc' dir='ltr'>ἑαυτῶν</span> <span class='ocrx_word' id='word_1_278' title='bbox 1598 2642 1810 2709; x_wconf 84' lang='grc' dir='ltr'>πέρατα</span> 
     </span>
    </p>
   </div>
   <div class='ocr_carea' id='block_1_43' title="bbox 224 2721 1810 2799">
    <p class='ocr_par' dir='ltr' id='par_1_43' title="bbox 224 2721 1810 2799">
     <span class='ocr_line' id='line_1_43' title="bbox 224 2721 1810 2799; baseline 0.003 -20"><span class='ocrx_word' id='word_1_279' title='bbox 224 2728 582 2791; x_wconf 79' lang='grc' dir='ltr'>συνελθόντες</span> <span class='ocrx_word' id='word_1_280' title='bbox 612 2729 680 2781; x_wconf 88' lang='grc' dir='ltr'>δι’</span> <span class='ocrx_word' id='word_1_281' title='bbox 721 2721 804 2782; x_wconf 84' lang='grc' dir='ltr'>ὧν</span> <span class='ocrx_word' id='word_1_282' title='bbox 829 2729 899 2782; x_wconf 75' lang='grc' dir='ltr'>τὰ</span> <span class='ocrx_word' id='word_1_283' title='bbox 933 2728 1032 2797; x_wconf 79' lang='grc' dir='ltr'>τῆς</span> <span class='ocrx_word' id='word_1_284' title='bbox 1067 2732 1274 2799; x_wconf 72' lang='grc' dir='ltr'>τροφῆς</span> <span class='ocrx_word' id='word_1_285' title='bbox 1308 2729 1505 2799; x_wconf 76' lang='grc' dir='ltr'>ἔμελλε</span> <span class='ocrx_word' id='word_1_286' title='bbox 1555 2729 1810 2796; x_wconf 75' lang='grc' dir='ltr'>διελθεῖν,</span> 
     </span>
    </p>
   </div>
   <div class='ocr_carea' id='block_1_44' title="bbox 220 2819 1813 2891">
    <p class='ocr_par' dir='ltr' id='par_1_44' title="bbox 220 2819 1813 2891">
     <span class='ocr_line' id='line_1_44' title="bbox 220 2819 1813 2891; baseline 0.001 -18"><span class='ocrx_word' id='word_1_287' title='bbox 220 2819 327 2873; x_wconf 66' lang='grc' dir='ltr'><strong>καὶ</strong></span> <span class='ocrx_word' id='word_1_288' title='bbox 353 2821 417 2871; x_wconf 84' lang='grc' dir='ltr'><strong>τὸ</strong></span> <span class='ocrx_word' id='word_1_289' title='bbox 452 2820 552 2888; x_wconf 81' lang='grc' dir='ltr'><strong>τῆς</strong></span> <span class='ocrx_word' id='word_1_290' title='bbox 583 2820 852 2889; x_wconf 71' lang='grc' dir='ltr'>ἀτροφιας</span> <span class='ocrx_word' id='word_1_291' title='bbox 887 2819 1063 2872; x_wconf 66' lang='grc' dir='ltr'>δεινὸν</span> <span class='ocrx_word' id='word_1_292' title='bbox 1116 2820 1398 2884; x_wconf 79' lang='grc' dir='ltr'>παντελῶς</span> <span class='ocrx_word' id='word_1_293' title='bbox 1452 2821 1634 2874; x_wconf 80' lang='grc' dir='ltr'>ἀσιτία</span> <span class='ocrx_word' id='word_1_294' title='bbox 1680 2825 1813 2891; x_wconf 70' lang='grc' dir='ltr'>ἡμῖν</span> 
     </span>
    </p>
   </div>
   <div class='ocr_carea' id='block_1_45' title="bbox 211 2910 1814 2984">
    <p class='ocr_par' dir='ltr' id='par_1_45' title="bbox 211 2910 1814 2984">
     <span class='ocr_line' id='line_1_45' title="bbox 211 2910 1814 2984; baseline 0 -20"><span class='ocrx_word' id='word_1_295' title='bbox 211 2911 602 2981; x_wconf 60' lang='grc' dir='ltr'>ἱπεκρέματο.</span> <span class='ocrx_word' id='word_1_296' title='bbox 630 2911 742 2963; x_wconf 82' lang='grc' dir='ltr'>Κᾶν</span> <span class='ocrx_word' id='word_1_297' title='bbox 776 2910 908 2978; x_wconf 76' lang='grc' dir='ltr'>ἐγὼ,</span> <span class='ocrx_word' id='word_1_298' title='bbox 938 2912 1068 2975; x_wconf 82' lang='grc' dir='ltr'>Θεὸς</span> <span class='ocrx_word' id='word_1_299' title='bbox 1089 2913 1240 2976; x_wconf 80' lang='grc' dir='ltr'>ἵστω,</span> <span class='ocrx_word' id='word_1_300' title='bbox 1275 2913 1475 2984; x_wconf 78' lang='grc' dir='ltr'>πολλὴν</span> <span class='ocrx_word' id='word_1_301' title='bbox 1514 2911 1814 2983; x_wconf 77' lang='grc' dir='ltr'>ἐποιούμην</span> 
     </span>
    </p>
   </div>
   <div class='ocr_carea' id='block_1_46' title="bbox 215 3001 1814 3074">
    <p class='ocr_par' dir='ltr' id='par_1_46' title="bbox 215 3001 1814 3074">
     <span class='ocr_line' id='line_1_46' title="bbox 215 3001 1814 3074; baseline 0.003 -19"><span class='ocrx_word' id='word_1_302' title='bbox 215 3001 332 3073; x_wconf 70' lang='grc' dir='ltr'><strong>τὴν</strong></span> <span class='ocrx_word' id='word_1_303' title='bbox 369 3005 501 3073; x_wconf 78' lang='grc' dir='ltr'>περὶ</span> <span class='ocrx_word' id='word_1_304' title='bbox 551 3004 650 3071; x_wconf 81' lang='grc' dir='ltr'>τῆς</span> <span class='ocrx_word' id='word_1_305' title='bbox 704 3003 914 3074; x_wconf 72' lang='grc' dir='ltr'>τροφῆς</span> <span class='ocrx_word' id='word_1_306' title='bbox 965 3006 1382 3074; x_wconf 78' lang='grc' dir='ltr'>πραγματεῖαν,</span> <span class='ocrx_word' id='word_1_307' title='bbox 1423 3006 1518 3058; x_wconf 72' lang='grc' dir='ltr'><strong>καὶ</strong></span> <span class='ocrx_word' id='word_1_308' title='bbox 1565 3004 1636 3058; x_wconf 83' lang='grc' dir='ltr'>τὰ</span> <span class='ocrx_word' id='word_1_309' title='bbox 1668 3010 1814 3059; x_wconf 76' lang='grc' dir='ltr'>σιτία</span> 
     </span>
    </p>
   </div>
   <div class='ocr_carea' id='block_1_47' title="bbox 221 3092 1808 3164">
    <p class='ocr_par' dir='ltr' id='par_1_47' title="bbox 221 3092 1808 3164">
     <span class='ocr_line' id='line_1_47' title="bbox 221 3092 1808 3164; baseline -0.001 -18"><span class='ocrx_word' id='word_1_310' title='bbox 221 3093 586 3163; x_wconf 80' lang='grc' dir='ltr'>καθεκάστην</span> <span class='ocrx_word' id='word_1_311' title='bbox 607 3092 695 3146; x_wconf 79' lang='grc' dir='ltr'><strong>διὰ</strong></span> <span class='ocrx_word' id='word_1_312' title='bbox 721 3093 831 3145; x_wconf 84' lang='grc' dir='ltr'><strong>τῶν</strong></span> <span class='ocrx_word' id='word_1_313' title='bbox 859 3133 873 3149; x_wconf 93' lang='grc'><strong>.</strong></span> <span class='ocrx_word' id='word_1_314' title='bbox 925 3125 946 3145; x_wconf 93' lang='grc'><strong>-.</strong></span> <span class='ocrx_word' id='word_1_315' title='bbox 985 3093 1182 3162; x_wconf 75' lang='grc' dir='ltr'>εερερον</span> <span class='ocrx_word' id='word_1_316' title='bbox 1212 3093 1386 3162; x_wconf 79' lang='grc' dir='ltr'>τούτῳ</span> <span class='ocrx_word' id='word_1_317' title='bbox 1437 3093 1658 3164; x_wconf 79' lang='grc' dir='ltr'>χειρῶν.</span> <span class='ocrx_word' id='word_1_318' title='bbox 1696 3095 1808 3146; x_wconf 84' lang='grc' dir='ltr'><strong>Ῥο-</strong></span> 
     </span>
    </p>
   </div>
   <div class='ocr_carea' id='block_1_48' title="bbox 220 3183 1814 3255">
    <p class='ocr_par' dir='ltr' id='par_1_48' title="bbox 220 3183 1814 3255">
     <span class='ocr_line' id='line_1_48' title="bbox 220 3183 1814 3255; baseline 0 -17"><span class='ocrx_word' id='word_1_319' title='bbox 220 3185 584 3255; x_wconf 74' lang='grc' dir='ltr'>φηματώδεις</span> <span class='ocrx_word' id='word_1_320' title='bbox 602 3187 701 3247; x_wconf 77' lang='grc' dir='ltr'>τὰς</span> <span class='ocrx_word' id='word_1_321' title='bbox 727 3218 749 3238; x_wconf 78' lang='lat'><strong>~.</strong></span> <span class='ocrx_word' id='word_1_322' title='bbox 781 3223 796 3240; x_wconf 89' lang='lat'><strong>.</strong></span> <span class='ocrx_word' id='word_1_323' title='bbox 833 3184 898 3245; x_wconf 83' lang='grc' dir='ltr'>ὰς</span> <span class='ocrx_word' id='word_1_324' title='bbox 931 3187 1104 3237; x_wconf 83' lang='grc' dir='ltr'>ποιεῖν</span> <span class='ocrx_word' id='word_1_325' title='bbox 1131 3183 1537 3252; x_wconf 77' lang='grc' dir='ltr'>ἀναγκάζουσα.</span> <span class='ocrx_word' id='word_1_326' title='bbox 1565 3185 1814 3238; x_wconf 65' lang='lat' dir='ltr'><strong>“Anam:</strong></span> 
     </span>
    </p>
   </div>
   <div class='ocr_carea' id='block_1_49' title="bbox 211 3275 464 3345">
    <p class='ocr_par' dir='ltr' id='par_1_49' title="bbox 211 3275 464 3345">
     <span class='ocr_line' id='line_1_49' title="bbox 211 3275 464 3345; baseline 0.004 -15"><span class='ocrx_word' id='word_1_327' title='bbox 211 3275 364 3345; x_wconf 78' lang='grc' dir='ltr'>’γοῦν</span> <span class='ocrx_word' id='word_1_328' title='bbox 382 3315 398 3331; x_wconf 93' lang='grc'><strong>.</strong></span> <span class='ocrx_word' id='word_1_329' title='bbox 450 3315 464 3331; x_wconf 93' lang='grc'><strong>.</strong></span> 
     </span>
    </p>
   </div>
   <div class='ocr_carea' id='block_1_50' title="bbox 890 3364 1818 3438">
    <p class='ocr_par' dir='ltr' id='par_1_50' title="bbox 890 3364 1818 3438">
     <span class='ocr_line' id='line_1_50' title="bbox 890 3364 1818 3438; baseline 0.003 -20"><span class='ocrx_word' id='word_1_330' title='bbox 890 3364 1144 3434; x_wconf 73' lang='grc' dir='ltr'>ἐφαίνετο</span> <span class='ocrx_word' id='word_1_331' title='bbox 1207 3367 1352 3419; x_wconf 80' lang='grc' dir='ltr'><strong>κατὰ</strong></span> <span class='ocrx_word' id='word_1_332' title='bbox 1418 3367 1516 3436; x_wconf 82' lang='grc' dir='ltr'>τῆς</span> <span class='ocrx_word' id='word_1_333' title='bbox 1581 3367 1818 3438; x_wconf 81' lang='grc' dir='ltr'>σπουδῆς</span> 
     </span>
    </p>
   </div>
   <div class='ocr_carea' id='block_1_51' title="bbox 919 3456 1819 3528">
    <p class='ocr_par' dir='ltr' id='par_1_51' title="bbox 919 3456 1819 3528">
     <span class='ocr_line' id='line_1_51' title="bbox 919 3456 1819 3528; baseline -0.002 -15"><span class='ocrx_word' id='word_1_334' title='bbox 919 3497 934 3513; x_wconf 91' lang='grc'><strong>.</strong></span> <span class='ocrx_word' id='word_1_335' title='bbox 1013 3457 1108 3511; x_wconf 81' lang='grc' dir='ltr'>καὶ</span> <span class='ocrx_word' id='word_1_336' title='bbox 1135 3456 1202 3510; x_wconf 82' lang='grc' dir='ltr'><strong>τὰ</strong></span> <span class='ocrx_word' id='word_1_337' title='bbox 1233 3459 1483 3528; x_wconf 80' lang='grc' dir='ltr'>ἡμέτερα</span> <span class='ocrx_word' id='word_1_338' title='bbox 1509 3458 1606 3512; x_wconf 76' lang='grc' dir='ltr'><strong>καλ⁸</strong></span> <span class='ocrx_word' id='word_1_339' title='bbox 1623 3459 1690 3512; x_wconf 77' lang='grc' dir='ltr'>τὰ</span> <span class='ocrx_word' id='word_1_340' title='bbox 1711 3459 1819 3511; x_wconf 78' lang='grc' dir='ltr'><strong>τῶν</strong></span> 
     </span>
    </p>
   </div>
   <div class='ocr_carea' id='block_1_52' title="bbox 841 3549 1818 3622">
    <p class='ocr_par' dir='ltr' id='par_1_52' title="bbox 841 3549 1818 3622">
     <span class='ocr_line' id='line_1_52' title="bbox 841 3549 1818 3622; baseline 0 -18"><span class='ocrx_word' id='word_1_341' title='bbox 841 3589 855 3604; x_wconf 93' lang='grc'><strong>.</strong></span> <span class='ocrx_word' id='word_1_342' title='bbox 926 3551 1068 3604; x_wconf 82' lang='grc' dir='ltr'>’δέκα</span> <span class='ocrx_word' id='word_1_343' title='bbox 1098 3550 1154 3604; x_wconf 78' lang='grc' dir='ltr'>δὲ</span> <span class='ocrx_word' id='word_1_344' title='bbox 1188 3552 1282 3603; x_wconf 79' lang='grc' dir='ltr'>καὶ</span> <span class='ocrx_word' id='word_1_345' title='bbox 1319 3551 1448 3620; x_wconf 82' lang='grc' dir='ltr'>μιᾶς</span> <span class='ocrx_word' id='word_1_346' title='bbox 1480 3550 1696 3622; x_wconf 77' lang='grc' dir='ltr'>ἡμέρας</span> <span class='ocrx_word' id='word_1_347' title='bbox 1722 3549 1818 3604; x_wconf 78' lang='grc' dir='ltr'>τοῦ</span> 
     </span>
    </p>
   </div>
   <div class='ocr_carea' id='block_1_53' title="bbox 765 3641 1820 3712">
    <p class='ocr_par' dir='ltr' id='par_1_53' title="bbox 765 3641 1820 3712">
     <span class='ocr_line' id='line_1_53' title="bbox 765 3641 1820 3712; baseline -0.003 -13"><span class='ocrx_word' id='word_1_348' title='bbox 765 3683 780 3699; x_wconf 93' lang='grc'><strong>.</strong></span> <span class='ocrx_word' id='word_1_349' title='bbox 843 3642 1232 3711; x_wconf 70' lang='grc' dir='ltr'>ἔπἰγεγονότος</span> <span class='ocrx_word' id='word_1_350' title='bbox 1280 3641 1456 3712; x_wconf 82' lang='grc' dir='ltr'>τούτῳ</span> <span class='ocrx_word' id='word_1_351' title='bbox 1511 3641 1820 3712; x_wconf 80' lang='grc' dir='ltr'>νοσήματος</span> 
     </span>
    </p>
   </div>
   <div class='ocr_carea' id='block_1_54' title="bbox 574 3731 1819 3798">
    <p class='ocr_par' dir='ltr' id='par_1_54' title="bbox 574 3731 1819 3798">
     <span class='ocr_line' id='line_1_54' title="bbox 574 3731 1819 3798; baseline 0.001 -12"><span class='ocrx_word' id='word_1_352' title='bbox 574 3772 586 3786; x_wconf 95' lang='grc'><strong>.</strong></span> <span class='ocrx_word' id='word_1_353' title='bbox 623 3750 792 3798; x_wconf 76' lang='grc' dir='ltr'>οντοςο</span> <span class='ocrx_word' id='word_1_354' title='bbox 824 3735 916 3788; x_wconf 76' lang='grc' dir='ltr'>καλ.</span> <span class='ocrx_word' id='word_1_355' title='bbox 952 3731 1383 3796; x_wconf 83' lang='grc' dir='ltr'>ἁπαπειλοῦντος</span> <span class='ocrx_word' id='word_1_356' title='bbox 1445 3734 1536 3787; x_wconf 85' lang='grc' dir='ltr'><strong>τδν</strong></span> <span class='ocrx_word' id='word_1_357' title='bbox 1573 3734 1819 3788; x_wconf 78' lang='grc' dir='ltr'>κίνδυνον</span> 
     </span>
    </p>
   </div>
   <div class='ocr_carea' id='block_1_55' title="bbox 213 3457 544 3518">
    <p class='ocr_par' dir='ltr' id='par_1_55' title="bbox 213 3457 544 3518">
     <span class='ocr_line' id='line_1_55' title="bbox 213 3457 544 3518; baseline 0 -6"><span class='ocrx_word' id='word_1_358' title='bbox 213 3457 454 3518; x_wconf 67' lang='grc' dir='ltr'>ἃπαντα</span> <span class='ocrx_word' id='word_1_359' title='bbox 530 3499 544 3512; x_wconf 94' lang='grc'><strong>.</strong></span> 
     </span>
    </p>
   </div>
   <div class='ocr_carea' id='block_1_56' title="bbox 217 3550 757 3620">
    <p class='ocr_par' dir='ltr' id='par_1_56' title="bbox 217 3550 757 3620">
     <span class='ocr_line' id='line_1_56' title="bbox 217 3550 757 3620; baseline 0.006 -16"><span class='ocrx_word' id='word_1_360' title='bbox 217 3551 443 3620; x_wconf 64' lang='grc' dir='ltr'>’ἰατρῶν</span> <span class='ocrx_word' id='word_1_361' title='bbox 463 3550 570 3604; x_wconf 67' lang='grc' dir='ltr'>ἔδει</span> <span class='ocrx_word' id='word_1_362' title='bbox 643 3589 660 3606; x_wconf 92' lang='grc'><strong>.</strong></span> <span class='ocrx_word' id='word_1_363' title='bbox 743 3591 757 3607; x_wconf 90' lang='grc'><strong>.</strong></span> 
     </span>
    </p>
   </div>
   <div class='ocr_carea' id='block_1_57' title="bbox 216 3643 683 3712">
    <p class='ocr_par' dir='ltr' id='par_1_57' title="bbox 216 3643 683 3712">
     <span class='ocr_line' id='line_1_57' title="bbox 216 3643 683 3712; baseline 0 -15"><span class='ocrx_word' id='word_1_364' title='bbox 216 3654 301 3697; x_wconf 65' lang='grc' dir='ltr'>’πε</span> <span class='ocrx_word' id='word_1_365' title='bbox 315 3643 370 3712; x_wconf 76' lang='lat' dir='ltr'><strong>pl</strong></span> <span class='ocrx_word' id='word_1_366' title='bbox 404 3659 532 3696; x_wconf 75' lang='grc' dir='ltr'>τατε</span> <span class='ocrx_word' id='word_1_367' title='bbox 573 3681 590 3698; x_wconf 85' lang='grc'><strong>.</strong></span> <span class='ocrx_word' id='word_1_368' title='bbox 668 3681 683 3697; x_wconf 94' lang='grc'><strong>.</strong></span> 
     </span>
    </p>
   </div>
   <div class='ocr_carea' id='block_1_58' title="bbox 215 3734 491 3789">
    <p class='ocr_par' dir='ltr' id='par_1_58' title="bbox 215 3734 491 3789">
     <span class='ocr_line' id='line_1_58' title="bbox 215 3734 491 3789; baseline 0 -2"><span class='ocrx_word' id='word_1_369' title='bbox 215 3734 400 3789; x_wconf 64' lang='grc' dir='ltr'>ἐπα.</span> <span class='ocrx_word' id='word_1_370' title='bbox 478 3774 491 3787; x_wconf 93' lang='grc'><strong>.</strong></span> 
     </span>
    </p>
   </div>
   <div class='ocr_carea' id='block_1_59' title="bbox 221 3823 1814 3896">
    <p class='ocr_par' dir='ltr' id='par_1_59' title="bbox 221 3823 1814 3896">
     <span class='ocr_line' id='line_1_59' title="bbox 221 3823 1814 3896; baseline 0 -18"><span class='ocrx_word' id='word_1_371' title='bbox 221 3862 240 3878; x_wconf 89' lang='grc'><strong>.</strong></span> <span class='ocrx_word' id='word_1_372' title='bbox 354 3863 368 3877; x_wconf 92' lang='grc'><strong>.</strong></span> <span class='ocrx_word' id='word_1_373' title='bbox 483 3840 500 3856; x_wconf 76' lang='grc' dir='ltr'><strong>ο</strong></span> <span class='ocrx_word' id='word_1_374' title='bbox 604 3826 777 3889; x_wconf 84' lang='grc' dir='ltr'>πέρας</span> <span class='ocrx_word' id='word_1_375' title='bbox 805 3825 1102 3887; x_wconf 84' lang='grc' dir='ltr'>διαθέσεως</span> <span class='ocrx_word' id='word_1_376' title='bbox 1131 3823 1524 3896; x_wconf 73' lang='grc' dir='ltr'>ἐπιγενομένης</span> <span class='ocrx_word' id='word_1_377' title='bbox 1545 3824 1814 3896; x_wconf 68' lang='grc' dir='ltr'>διάρροια.</span> 
     </span>
    </p>
   </div>
   <div class='ocr_carea' id='block_1_60' title="bbox 219 3914 1492 3986">
    <p class='ocr_par' dir='ltr' id='par_1_60' title="bbox 219 3914 1492 3986">
     <span class='ocr_line' id='line_1_60' title="bbox 219 3914 1492 3986; baseline -0.002 -17"><span class='ocrx_word' id='word_1_378' title='bbox 219 3914 427 3979; x_wconf 72' lang='grc' dir='ltr'>οὕτως</span> <span class='ocrx_word' id='word_1_379' title='bbox 457 3915 584 3969; x_wconf 79' lang='grc' dir='ltr'>ἄλλο</span> <span class='ocrx_word' id='word_1_380' title='bbox 610 3916 696 3970; x_wconf 77' lang='grc' dir='ltr'><strong>ἐπ’</strong></span> <span class='ocrx_word' id='word_1_381' title='bbox 727 3915 873 3986; x_wconf 78' lang='grc' dir='ltr'>ἄλλῳ</span> <span class='ocrx_word' id='word_1_382' title='bbox 898 3915 1068 3968; x_wconf 67' lang='grc' dir='ltr'>κακδν</span> <span class='ocrx_word' id='word_1_383' title='bbox 1090 3915 1214 3968; x_wconf 80' lang='grc' dir='ltr'>καθ’</span> <span class='ocrx_word' id='word_1_384' title='bbox 1240 3915 1398 3984; x_wconf 83' lang='grc' dir='ltr'>ήμῶν</span> <span class='ocrx_word' id='word_1_385' title='bbox 1430 3915 1492 3967; x_wconf 80' lang='grc' dir='ltr'><strong>τὸ</strong></span> 
     </span>
    </p>
   </div>
   <div class='ocr_carea' id='block_1_61' title="bbox 214 4004 1810 4078">
    <p class='ocr_par' dir='ltr' id='par_1_61' title="bbox 214 4004 1810 4078">
     <span class='ocr_line' id='line_1_61' title="bbox 214 4004 1810 4078; baseline 0.001 -17"><span class='ocrx_word' id='word_1_386' title='bbox 214 4007 284 4061; x_wconf 78' lang='grc' dir='ltr'>δὲ</span> <span class='ocrx_word' id='word_1_387' title='bbox 320 4007 778 4073; x_wconf 77' lang='grc' dir='ltr'>ἐπεκυλίετο,ουκ</span> <span class='ocrx_word' id='word_1_388' title='bbox 811 4004 877 4078; x_wconf 81' lang='grc' dir='ltr'>ἦν</span> <span class='ocrx_word' id='word_1_389' title='bbox 909 4009 1046 4076; x_wconf 72' lang='grc' dir='ltr'>πρὸς</span> <span class='ocrx_word' id='word_1_390' title='bbox 1075 4007 1336 4076; x_wconf 74' lang='grc' dir='ltr'>ὁπότερον</span> <span class='ocrx_word' id='word_1_391' title='bbox 1448 4045 1463 4060; x_wconf 93' lang='grc'><strong>.</strong></span> <span class='ocrx_word' id='word_1_392' title='bbox 1579 4046 1595 4061; x_wconf 94' lang='grc'><strong>.</strong></span> <span class='ocrx_word' id='word_1_393' title='bbox 1707 4009 1810 4062; x_wconf 78' lang='grc' dir='ltr'>εῖν.</span> 
     </span>
    </p>
   </div>
   <div class='ocr_carea' id='block_1_62' title="bbox 212 4098 1478 4170">
    <p class='ocr_par' dir='ltr' id='par_1_62' title="bbox 212 4098 1478 4170">
     <span class='ocr_line' id='line_1_62' title="bbox 212 4098 1478 4170; baseline 0.001 -17"><span class='ocrx_word' id='word_1_394' title='bbox 212 4099 379 4153; x_wconf 70' lang='grc' dir='ltr'>Οὔτε</span> <span class='ocrx_word' id='word_1_395' title='bbox 425 4100 551 4162; x_wconf 72' lang='grc' dir='ltr'>τοὺς</span> <span class='ocrx_word' id='word_1_396' title='bbox 583 4099 987 4168; x_wconf 71' lang='grc' dir='ltr'>Ἀσκληπιάδας</span> <span class='ocrx_word' id='word_1_397' title='bbox 1035 4098 1148 4153; x_wconf 74' lang='grc' dir='ltr'>οὔθ’</span> <span class='ocrx_word' id='word_1_398' title='bbox 1178 4101 1324 4170; x_wconf 74' lang='grc' dir='ltr'>ἡμᾶς</span> <span class='ocrx_word' id='word_1_399' title='bbox 1353 4100 1478 4161; x_wconf 83' lang='grc' dir='ltr'>τοὺς</span> 
     </span>
    </p>
   </div>
   <div class='ocr_carea' id='block_1_63' title="bbox 217 4189 1475 4261">
    <p class='ocr_par' dir='ltr' id='par_1_63' title="bbox 217 4189 1475 4261">
     <span class='ocr_line' id='line_1_63' title="bbox 217 4189 1475 4261; baseline 0.001 -17"><span class='ocrx_word' id='word_1_400' title='bbox 217 4194 331 4244; x_wconf 65' lang='grc' dir='ltr'><strong>τὸν</strong></span> <span class='ocrx_word' id='word_1_401' title='bbox 385 4191 759 4259; x_wconf 74' lang='grc' dir='ltr'>αὐτοκράτορα</span> <span class='ocrx_word' id='word_1_402' title='bbox 814 4191 1289 4261; x_wconf 78' lang='grc' dir='ltr'>διαπονουμένους,</span> <span class='ocrx_word' id='word_1_403' title='bbox 1349 4189 1475 4245; x_wconf 68' lang='grc' dir='ltr'>οὖτα</span> 
     </span>
    </p>
   </div>
   <div class='ocr_carea' id='block_1_64' title="bbox 211 4281 1473 4354">
    <p class='ocr_par' dir='ltr' id='par_1_64' title="bbox 211 4281 1473 4354">
     <span class='ocr_line' id='line_1_64' title="bbox 211 4281 1473 4354; baseline 0.003 -20"><span class='ocrx_word' id='word_1_404' title='bbox 211 4297 427 4343; x_wconf 70' lang='grc' dir='ltr'>ναντχ,</span> <span class='ocrx_word' id='word_1_405' title='bbox 473 4281 610 4334; x_wconf 75' lang='grc' dir='ltr'>ἀλλὰ</span> <span class='ocrx_word' id='word_1_406' title='bbox 659 4283 833 4334; x_wconf 78' lang='grc' dir='ltr'>πάντα</span> <span class='ocrx_word' id='word_1_407' title='bbox 879 4281 1024 4351; x_wconf 74' lang='grc' dir='ltr'>ἑώρα</span> <span class='ocrx_word' id='word_1_408' title='bbox 1071 4283 1205 4353; x_wconf 72' lang='grc' dir='ltr'>πρὸς</span> <span class='ocrx_word' id='word_1_409' title='bbox 1250 4283 1473 4354; x_wconf 77' lang='grc' dir='ltr'>ὄλεθρον</span> 
     </span>
    </p>
   </div>
   <div class='ocr_carea' id='block_1_65' title="bbox 209 4367 1642 4440">
    <p class='ocr_par' dir='ltr' id='par_1_65' title="bbox 209 4367 1642 4440">
     <span class='ocr_line' id='line_1_65' title="bbox 209 4367 1642 4440; baseline 0.003 -18"><span class='ocrx_word' id='word_1_410' title='bbox 209 4369 332 4422; x_wconf 73' lang='grc' dir='ltr'><strong>τοῦ</strong></span> <span class='ocrx_word' id='word_1_411' title='bbox 361 4367 552 4422; x_wconf 80' lang='grc' dir='ltr'>λοιποῦ</span> <span class='ocrx_word' id='word_1_412' title='bbox 581 4370 649 4422; x_wconf 77' lang='grc' dir='ltr'>τὰ</span> <span class='ocrx_word' id='word_1_413' title='bbox 684 4369 806 4422; x_wconf 87' lang='grc' dir='ltr'>καθ’</span> <span class='ocrx_word' id='word_1_414' title='bbox 844 4371 990 4440; x_wconf 74' lang='grc' dir='ltr'>ἡμᾶς</span> <span class='ocrx_word' id='word_1_415' title='bbox 1023 4371 1080 4423; x_wconf 79' lang='grc' dir='ltr'><strong>ἐν</strong></span> <span class='ocrx_word' id='word_1_416' title='bbox 1107 4372 1251 4440; x_wconf 76' lang='grc' dir='ltr'>σάλῳ</span> <span class='ocrx_word' id='word_1_417' title='bbox 1281 4371 1378 4424; x_wconf 75' lang='grc' dir='ltr'>καλ.</span> <span class='ocrx_word' id='word_1_418' title='bbox 1409 4372 1642 4428; x_wconf 75' lang='grc' dir='ltr'>κλύδωνι</span> 
     </span>
    </p>
   </div>
   <div class='ocr_carea' id='block_1_66' title="bbox 215 4461 1818 4535">
    <p class='ocr_par' dir='ltr' id='par_1_66' title="bbox 215 4461 1818 4535">
     <span class='ocr_line' id='line_1_66' title="bbox 215 4461 1818 4535; baseline 0.002 -20"><span class='ocrx_word' id='word_1_419' title='bbox 215 4497 238 4515; x_wconf 88' lang='grc'><strong>.</strong></span> <span class='ocrx_word' id='word_1_420' title='bbox 408 4499 423 4514; x_wconf 93' lang='grc'><strong>.</strong></span> <span class='ocrx_word' id='word_1_421' title='bbox 569 4461 895 4532; x_wconf 72' lang='grc' dir='ltr'>ἐταράττετο</span> <span class='ocrx_word' id='word_1_422' title='bbox 953 4464 1021 4516; x_wconf 74' lang='grc' dir='ltr'>τὰ</span> <span class='ocrx_word' id='word_1_423' title='bbox 1067 4461 1449 4533; x_wconf 72' lang='grc' dir='ltr'>καθεστηκότα</span> <span class='ocrx_word' id='word_1_424' title='bbox 1503 4466 1598 4518; x_wconf 70' lang='grc' dir='ltr'>καὶ</span> <span class='ocrx_word' id='word_1_425' title='bbox 1653 4464 1818 4535; x_wconf 76' lang='grc' dir='ltr'>φόΰος</span> 
     </span>
    </p>
   </div>
   <div class='ocr_carea' id='block_1_67' title="bbox 203 4573 1815 4646">
    <p class='ocr_par' dir='ltr' id='par_1_67' title="bbox 203 4573 1815 4646">
     <span class='ocr_line' id='line_1_67' title="bbox 203 4573 1815 4646; baseline 0.001 -17"><span class='ocrx_word' id='word_1_426' title='bbox 203 4573 530 4644; x_wconf 72' lang='lat' dir='ltr'><strong>perniciem</strong></span> <span class='ocrx_word' id='word_1_427' title='bbox 565 4583 818 4642; x_wconf 80' lang='lat' dir='ltr'><strong>urgerent</strong></span> <span class='ocrx_word' id='word_1_428' title='bbox 840 4573 998 4638; x_wconf 85' lang='lat' dir='ltr'><strong>mala,</strong></span> <span class='ocrx_word' id='word_1_429' title='bbox 1022 4575 1305 4630; x_wconf 83' lang='lat' dir='ltr'><strong>calamitas</strong></span> <span class='ocrx_word' id='word_1_430' title='bbox 1332 4591 1496 4646; x_wconf 88' lang='lat' dir='ltr'><strong>super</strong></span> <span class='ocrx_word' id='word_1_431' title='bbox 1518 4576 1652 4631; x_wconf 89' lang='lat' dir='ltr'><strong>alias</strong></span> <span class='ocrx_word' id='word_1_432' title='bbox 1677 4591 1815 4631; x_wconf 83' lang='lat' dir='ltr'><strong>nova</strong></span> 
     </span>
    </p>
   </div>
   <div class='ocr_carea' id='block_1_68' title="bbox 1911 2081 3484 2159">
    <p class='ocr_par' dir='ltr' id='par_1_68' title="bbox 1911 2081 3484 2159">
     <span class='ocr_line' id='line_1_68' title="bbox 1911 2081 3484 2159; baseline 0.01 -27"><span class='ocrx_word' id='word_1_433' title='bbox 1911 2089 2110 2143; x_wconf 89' lang='lat' dir='ltr'><strong>ureret,</strong></span> <span class='ocrx_word' id='word_1_434' title='bbox 2159 2081 2486 2134; x_wconf 83' lang='lat' dir='ltr'><strong>medicorum</strong></span> <span class='ocrx_word' id='word_1_435' title='bbox 2525 2085 2741 2150; x_wconf 79' lang='lat' dir='ltr'><strong>quidam</strong></span> <span class='ocrx_word' id='word_1_436' title='bbox 2788 2085 2924 2139; x_wconf 88' lang='lat' dir='ltr'><strong>febri</strong></span> <span class='ocrx_word' id='word_1_437' title='bbox 2959 2097 3286 2159; x_wconf 88' lang='lat' dir='ltr'><strong>contempta,</strong></span> <span class='ocrx_word' id='word_1_438' title='bbox 3318 2091 3484 2148; x_wconf 85' lang='lat' dir='ltr'><strong>veluti</strong></span> 
     </span>
    </p>
   </div>
   <div class='ocr_carea' id='block_1_69' title="bbox 1911 2177 3488 2249">
    <p class='ocr_par' dir='ltr' id='par_1_69' title="bbox 1911 2177 3488 2249">
     <span class='ocr_line' id='line_1_69' title="bbox 1911 2177 3488 2249; baseline 0.011 -23"><span class='ocrx_word' id='word_1_439' title='bbox 1911 2188 1938 2226; x_wconf 91' lang='lat' dir='ltr'><strong>a</strong></span> <span class='ocrx_word' id='word_1_440' title='bbox 1990 2189 2095 2243; x_wconf 89' lang='lat' dir='ltr'><strong>qua</strong></span> <span class='ocrx_word' id='word_1_441' title='bbox 2153 2177 2202 2228; x_wconf 90' lang='lat' dir='ltr'><strong>in</strong></span> <span class='ocrx_word' id='word_1_442' title='bbox 2261 2177 2548 2244; x_wconf 49' lang='lat' dir='ltr'><strong>praesentia</strong></span> <span class='ocrx_word' id='word_1_443' title='bbox 2607 2179 2784 2234; x_wconf 89' lang='lat' dir='ltr'><strong>minus</strong></span> <span class='ocrx_word' id='word_1_444' title='bbox 2839 2193 3156 2249; x_wconf 87' lang='lat' dir='ltr'><strong>metuerent,</strong></span> <span class='ocrx_word' id='word_1_445' title='bbox 3205 2186 3488 2242; x_wconf 61' lang='lat' dir='ltr'><strong>evinaniro</strong></span> 
     </span>
    </p>
   </div>
   <div class='ocr_carea' id='block_1_70' title="bbox 1913 2267 3489 2343">
    <p class='ocr_par' dir='ltr' id='par_1_70' title="bbox 1913 2267 3489 2343">
     <span class='ocr_line' id='line_1_70' title="bbox 1913 2267 3489 2343; baseline 0.01 -25"><span class='ocrx_word' id='word_1_446' title='bbox 1913 2274 2173 2319; x_wconf 86' lang='lat' dir='ltr'><strong>tumorem</strong></span> <span class='ocrx_word' id='word_1_447' title='bbox 2230 2267 2487 2322; x_wconf 72' lang='lat' dir='ltr'><strong>cantet-iis</strong></span> <span class='ocrx_word' id='word_1_448' title='bbox 2537 2269 2814 2325; x_wconf 91' lang='lat' dir='ltr'><strong>inurendis</strong></span> <span class='ocrx_word' id='word_1_449' title='bbox 2861 2284 2985 2326; x_wconf 91' lang='lat' dir='ltr'><strong>sunt</strong></span> <span class='ocrx_word' id='word_1_450' title='bbox 3025 2275 3489 2343; x_wconf 32' lang='lat' dir='ltr'><strong>aggressiaVana</strong></span> 
     </span>
    </p>
   </div>
   <div class='ocr_carea' id='block_1_71' title="bbox 1913 2359 3486 2436">
    <p class='ocr_par' dir='ltr' id='par_1_71' title="bbox 1913 2359 3486 2436">
     <span class='ocr_line' id='line_1_71' title="bbox 1913 2359 3486 2436; baseline 0.009 -24"><span class='ocrx_word' id='word_1_451' title='bbox 1913 2369 2088 2412; x_wconf 81' lang='lat' dir='ltr'><strong>tamen</strong></span> <span class='ocrx_word' id='word_1_452' title='bbox 2121 2359 2208 2412; x_wconf 91' lang='lat' dir='ltr'><strong>illa</strong></span> <span class='ocrx_word' id='word_1_453' title='bbox 2241 2375 2452 2434; x_wconf 81' lang='lat' dir='ltr'><strong>quoque</strong></span> <span class='ocrx_word' id='word_1_454' title='bbox 2478 2370 2532 2416; x_wconf 87' lang='lat' dir='ltr'><strong>et</strong></span> <span class='ocrx_word' id='word_1_455' title='bbox 2561 2361 2751 2417; x_wconf 84' lang='lat' dir='ltr'><strong>effectu</strong></span> <span class='ocrx_word' id='word_1_456' title='bbox 2781 2379 2932 2418; x_wconf 86' lang='lat' dir='ltr'><strong>cassa</strong></span> <span class='ocrx_word' id='word_1_457' title='bbox 2958 2369 3165 2421; x_wconf 80' lang='lat' dir='ltr'><strong>curatio</strong></span> <span class='ocrx_word' id='word_1_458' title='bbox 3193 2367 3292 2423; x_wconf 88' lang='lat' dir='ltr'><strong>fuit</strong></span> <span class='ocrx_word' id='word_1_459' title='bbox 3317 2386 3331 2436; x_wconf 90' lang='lat'><strong>;</strong></span> <span class='ocrx_word' id='word_1_460' title='bbox 3359 2385 3486 2426; x_wconf 84' lang='lat' dir='ltr'><strong>nam</strong></span> 
     </span>
    </p>
   </div>
   <div class='ocr_carea' id='block_1_72' title="bbox 1911 2451 3490 2526">
    <p class='ocr_par' dir='ltr' id='par_1_72' title="bbox 1911 2451 3490 2526">
     <span class='ocr_line' id='line_1_72' title="bbox 1911 2451 3490 2526; baseline 0.004 -22"><span class='ocrx_word' id='word_1_461' title='bbox 1911 2463 1965 2505; x_wconf 89' lang='lat' dir='ltr'><strong>et</strong></span> <span class='ocrx_word' id='word_1_462' title='bbox 2022 2451 2228 2504; x_wconf 86' lang='lat' dir='ltr'><strong>ventris</strong></span> <span class='ocrx_word' id='word_1_463' title='bbox 2282 2460 2460 2505; x_wconf 84' lang='lat' dir='ltr'><strong>tumor</strong></span> <span class='ocrx_word' id='word_1_464' title='bbox 2514 2452 2647 2506; x_wconf 90' lang='lat' dir='ltr'><strong>nihil</strong></span> <span class='ocrx_word' id='word_1_465' title='bbox 2707 2457 2951 2509; x_wconf 82' lang='lat' dir='ltr'><strong>cauterio</strong></span> <span class='ocrx_word' id='word_1_466' title='bbox 3009 2457 3249 2513; x_wconf 82' lang='lat' dir='ltr'><strong>minutus</strong></span> <span class='ocrx_word' id='word_1_467' title='bbox 3280 2474 3383 2526; x_wconf 78' lang='lat' dir='ltr'><strong>esr,</strong></span> <span class='ocrx_word' id='word_1_468' title='bbox 3433 2471 3490 2518; x_wconf 76' lang='lat' dir='ltr'><strong>et</strong></span> 
     </span>
    </p>
   </div>
   <div class='ocr_carea' id='block_1_73' title="bbox 1914 2541 3490 2617">
    <p class='ocr_par' dir='ltr' id='par_1_73' title="bbox 1914 2541 3490 2617">
     <span class='ocr_line' id='line_1_73' title="bbox 1914 2541 3490 2617; baseline 0.009 -25"><span class='ocrx_word' id='word_1_469' title='bbox 1914 2541 2219 2610; x_wconf 87' lang='lat' dir='ltr'><strong>pulmonem</strong></span> <span class='ocrx_word' id='word_1_470' title='bbox 2266 2557 2328 2595; x_wconf 88' lang='lat' dir='ltr'><strong>ac</strong></span> <span class='ocrx_word' id='word_1_471' title='bbox 2363 2541 2550 2597; x_wconf 78' lang='lat' dir='ltr'><strong>fauces</strong></span> <span class='ocrx_word' id='word_1_472' title='bbox 2586 2544 2754 2597; x_wconf 83' lang='lat' dir='ltr'><strong>nihilo</strong></span> <span class='ocrx_word' id='word_1_473' title='bbox 2789 2545 2965 2599; x_wconf 91' lang='lat' dir='ltr'><strong>minor</strong></span> <span class='ocrx_word' id='word_1_474' title='bbox 2999 2562 3194 2617; x_wconf 85' lang='lat' dir='ltr'><strong>urgere</strong></span> <span class='ocrx_word' id='word_1_475' title='bbox 3236 2565 3490 2616; x_wconf 82' lang='lat' dir='ltr'><strong>perseve-</strong></span> 
     </span>
    </p>
   </div>
   <div class='ocr_carea' id='block_1_74' title="bbox 1914 2633 3484 2706">
    <p class='ocr_par' dir='ltr' id='par_1_74' title="bbox 1914 2633 3484 2706">
     <span class='ocr_line' id='line_1_74' title="bbox 1914 2633 3484 2706; baseline 0.008 -19"><span class='ocrx_word' id='word_1_476' title='bbox 1914 2636 2066 2687; x_wconf 85' lang='lat' dir='ltr'><strong>rabat</strong></span> <span class='ocrx_word' id='word_1_477' title='bbox 2099 2633 2382 2687; x_wconf 78' lang='lat' dir='ltr'><strong>dillicultas</strong></span> <span class='ocrx_word' id='word_1_478' title='bbox 2413 2634 2782 2701; x_wconf 88' lang='lat' dir='ltr'><strong>reciprocandi</strong></span> <span class='ocrx_word' id='word_1_479' title='bbox 2815 2635 3058 2706; x_wconf 80' lang='lat' dir='ltr'><strong>Spiritus.</strong></span> <span class='ocrx_word' id='word_1_480' title='bbox 3102 2641 3222 2694; x_wconf 73' lang='lat' dir='ltr'><strong>Ilu&#39;c</strong></span> <span class='ocrx_word' id='word_1_481' title='bbox 3251 2657 3374 2696; x_wconf 89' lang='lat' dir='ltr'><strong>cum</strong></span> <span class='ocrx_word' id='word_1_482' title='bbox 3401 2643 3484 2700; x_wconf 85' lang='lat' dir='ltr'><strong>sic</strong></span> 
     </span>
    </p>
   </div>
   <div class='ocr_carea' id='block_1_75' title="bbox 1914 2724 3487 2792">
    <p class='ocr_par' dir='ltr' id='par_1_75' title="bbox 1914 2724 3487 2792">
     <span class='ocr_line' id='line_1_75' title="bbox 1914 2724 3487 2792; baseline 0.009 -14"><span class='ocrx_word' id='word_1_483' title='bbox 1914 2733 2115 2788; x_wconf 88' lang='lat' dir='ltr'><strong>essent,</strong></span> <span class='ocrx_word' id='word_1_484' title='bbox 2151 2739 2275 2778; x_wconf 85' lang='lat' dir='ltr'><strong>ecce</strong></span> <span class='ocrx_word' id='word_1_485' title='bbox 2303 2724 2398 2778; x_wconf 88' lang='lat' dir='ltr'><strong>tibi</strong></span> <span class='ocrx_word' id='word_1_486' title='bbox 2434 2726 2577 2779; x_wconf 82' lang='lat' dir='ltr'><strong>velut</strong></span> <span class='ocrx_word' id='word_1_487' title='bbox 2617 2743 2681 2781; x_wconf 79' lang='lat' dir='ltr'><strong>ex</strong></span> <span class='ocrx_word' id='word_1_488' title='bbox 2713 2743 2849 2781; x_wconf 88' lang='lat' dir='ltr'><strong>novo</strong></span> <span class='ocrx_word' id='word_1_489' title='bbox 2879 2729 3029 2784; x_wconf 88' lang='lat' dir='ltr'><strong>fonte</strong></span> <span class='ocrx_word' id='word_1_490' title='bbox 3057 2731 3304 2789; x_wconf 87' lang='lat' dir='ltr'><strong>humoris</strong></span> <span class='ocrx_word' id='word_1_491' title='bbox 3337 2735 3487 2792; x_wconf 79' lang='lat' dir='ltr'><strong>noxii</strong></span> 
     </span>
    </p>
   </div>
   <div class='ocr_carea' id='block_1_76' title="bbox 1916 2817 3491 2890">
    <p class='ocr_par' dir='ltr' id='par_1_76' title="bbox 1916 2817 3491 2890">
     <span class='ocr_line' id='line_1_76' title="bbox 1916 2817 3491 2890; baseline 0.006 -18"><span class='ocrx_word' id='word_1_492' title='bbox 1916 2817 2153 2872; x_wconf 83' lang='lat' dir='ltr'><strong>derivata</strong></span> <span class='ocrx_word' id='word_1_493' title='bbox 2208 2833 2340 2871; x_wconf 90' lang='lat' dir='ltr'><strong>nova</strong></span> <span class='ocrx_word' id='word_1_494' title='bbox 2398 2820 2690 2874; x_wconf 76' lang='lat' dir='ltr'><strong>destillatio</strong></span> <span class='ocrx_word' id='word_1_495' title='bbox 2737 2823 3108 2890; x_wconf 81' lang='lat' dir='ltr'><strong>gurgulionem</strong></span> <span class='ocrx_word' id='word_1_496' title='bbox 3158 2825 3375 2888; x_wconf 86' lang='lat' dir='ltr'><strong>invasit.</strong></span> <span class='ocrx_word' id='word_1_497' title='bbox 3431 2835 3491 2884; x_wconf 84' lang='lat' dir='ltr'><strong>et</strong></span> 
     </span>
    </p>
   </div>
   <div class='ocr_carea' id='block_1_77' title="bbox 1915 2910 3491 2988">
    <p class='ocr_par' dir='ltr' id='par_1_77' title="bbox 1915 2910 3491 2988">
     <span class='ocr_line' id='line_1_77' title="bbox 1915 2910 3491 2988; baseline 0.007 -26"><span class='ocrx_word' id='word_1_498' title='bbox 1915 2911 2056 2979; x_wconf 89' lang='lat' dir='ltr'><strong>quod</strong></span> <span class='ocrx_word' id='word_1_499' title='bbox 2099 2910 2151 2963; x_wconf 86' lang='lat' dir='ltr'><strong>in</strong></span> <span class='ocrx_word' id='word_1_500' title='bbox 2189 2926 2284 2964; x_wconf 91' lang='lat' dir='ltr'><strong>ore</strong></span> <span class='ocrx_word' id='word_1_501' title='bbox 2330 2912 2520 2966; x_wconf 89' lang='lat' dir='ltr'><strong>medici</strong></span> <span class='ocrx_word' id='word_1_502' title='bbox 2571 2912 2756 2966; x_wconf 67' lang='lat' dir='ltr'><strong>malum</strong></span> <span class='ocrx_word' id='word_1_503' title='bbox 2804 2914 3096 2982; x_wconf 85' lang='lat' dir='ltr'><strong>appellant,</strong></span> <span class='ocrx_word' id='word_1_504' title='bbox 3137 2918 3491 2988; x_wconf 79' lang='lat' dir='ltr'><strong>gingivasqu</strong></span> 
     </span>
    </p>
   </div>
   <div class='ocr_carea' id='block_1_78' title="bbox 1916 3000 3492 3070">
    <p class='ocr_par' dir='ltr' id='par_1_78' title="bbox 1916 3000 3492 3070">
     <span class='ocr_line' id='line_1_78' title="bbox 1916 3000 3492 3070; baseline 0.008 -17"><span class='ocrx_word' id='word_1_505' title='bbox 1916 3001 2180 3069; x_wconf 86' lang='lat' dir='ltr'><strong>corripuit</strong></span> <span class='ocrx_word' id='word_1_506' title='bbox 2233 3000 2540 3070; x_wconf 83' lang='lat' dir='ltr'><strong>inflavitque</strong></span> <span class='ocrx_word' id='word_1_507' title='bbox 2580 3002 2776 3057; x_wconf 79' lang='lat' dir='ltr'><strong>allluxu</strong></span> <span class='ocrx_word' id='word_1_508' title='bbox 2807 3006 3046 3059; x_wconf 85' lang='lat' dir='ltr'><strong>ardentis</strong></span> <span class='ocrx_word' id='word_1_509' title='bbox 3086 3008 3256 3062; x_wconf 89' lang='lat' dir='ltr'><strong>saniei</strong></span> <span class='ocrx_word' id='word_1_510' title='bbox 3296 3026 3310 3063; x_wconf 90' lang='lat'><strong>:</strong></span> <span class='ocrx_word' id='word_1_511' title='bbox 3347 3009 3492 3066; x_wconf 76' lang='lat' dir='ltr'><strong>unde</strong></span> 
     </span>
    </p>
   </div>
   <div class='ocr_carea' id='block_1_79' title="bbox 1916 3092 3492 3166">
    <p class='ocr_par' dir='ltr' id='par_1_79' title="bbox 1916 3092 3492 3166">
     <span class='ocr_line' id='line_1_79' title="bbox 1916 3092 3492 3166; baseline 0.003 -23"><span class='ocrx_word' id='word_1_512' title='bbox 1916 3103 2194 3145; x_wconf 85' lang='lat' dir='ltr'><strong>crescente</strong></span> <span class='ocrx_word' id='word_1_513' title='bbox 2227 3093 2279 3143; x_wconf 93' lang='lat' dir='ltr'><strong>in</strong></span> <span class='ocrx_word' id='word_1_514' title='bbox 2315 3092 2506 3145; x_wconf 89' lang='lat' dir='ltr'><strong>molem</strong></span> <span class='ocrx_word' id='word_1_515' title='bbox 2545 3093 2795 3159; x_wconf 90' lang='lat' dir='ltr'><strong>frumine,</strong></span> <span class='ocrx_word' id='word_1_516' title='bbox 2833 3095 3118 3166; x_wconf 83' lang='lat' dir='ltr'><strong>linguaque</strong></span> <span class='ocrx_word' id='word_1_517' title='bbox 3159 3099 3268 3164; x_wconf 84' lang='lat' dir='ltr'><strong>ipsa</strong></span> <span class='ocrx_word' id='word_1_518' title='bbox 3315 3109 3492 3154; x_wconf 83' lang='lat' dir='ltr'><strong>tuine.</strong></span> 
     </span>
    </p>
   </div>
   <div class='ocr_carea' id='block_1_80' title="bbox 1920 3180 3491 3246">
    <p class='ocr_par' dir='ltr' id='par_1_80' title="bbox 1920 3180 3491 3246">
     <span class='ocr_line' id='line_1_80' title="bbox 1920 3180 3491 3246; baseline 0.008 -13"><span class='ocrx_word' id='word_1_519' title='bbox 1920 3180 2080 3244; x_wconf 76' lang='lat' dir='ltr'><strong>facta,</strong></span> <span class='ocrx_word' id='word_1_520' title='bbox 2103 3183 2362 3237; x_wconf 59' lang='lat' dir='ltr'><strong>obstructi</strong></span> <span class='ocrx_word' id='word_1_521' title='bbox 2392 3197 2597 3238; x_wconf 85' lang='lat' dir='ltr'><strong>meatus</strong></span> <span class='ocrx_word' id='word_1_522' title='bbox 2633 3195 2754 3238; x_wconf 86' lang='lat' dir='ltr'><strong>sunt</strong></span> <span class='ocrx_word' id='word_1_523' title='bbox 2786 3187 3196 3243; x_wconf 88' lang='lat' dir='ltr'><strong>transmittendo</strong></span> <span class='ocrx_word' id='word_1_524' title='bbox 3231 3189 3491 3246; x_wconf 86' lang='lat' dir='ltr'><strong>alimento</strong></span> 
     </span>
    </p>
   </div>
   <div class='ocr_carea' id='block_1_81' title="bbox 529 3273 1808 3364">
    <p class='ocr_par' dir='ltr' id='par_1_81' title="bbox 529 3275 1808 3348">
     <span class='ocr_line' id='line_1_81' title="bbox 529 3275 1808 3348; baseline -0.002 -19"><span class='ocrx_word' id='word_1_525' title='bbox 529 3316 544 3330; x_wconf 96' lang='lat'><strong>.</strong></span> <span class='ocrx_word' id='word_1_526' title='bbox 581 3277 857 3346; x_wconf 75' lang='grc' dir='ltr'>φερόμενα</span> <span class='ocrx_word' id='word_1_527' title='bbox 875 3277 967 3328; x_wconf 74' lang='grc' dir='ltr'><strong>ἐπὶ</strong></span> <span class='ocrx_word' id='word_1_528' title='bbox 995 3278 1063 3346; x_wconf 73' lang='grc' dir='ltr'>τῇ</span> <span class='ocrx_word' id='word_1_529' title='bbox 1092 3277 1187 3345; x_wconf 78' lang='grc' dir='ltr'><strong>τῆς</strong></span> <span class='ocrx_word' id='word_1_530' title='bbox 1209 3275 1518 3346; x_wconf 80' lang='grc' dir='ltr'>φλεγμονῆς</span> <span class='ocrx_word' id='word_1_531' title='bbox 1548 3276 1808 3348; x_wconf 74' lang='grc' dir='ltr'>θεραπείᾳ</span> 
     </span>
    </p>
   </div>
   <div class='ocr_carea' id='block_1_82' title="bbox 1914 3273 3492 3364">
    <p class='ocr_par' dir='ltr' id='par_1_82' title="bbox 1920 3273 3492 3340">
     <span class='ocr_line' id='line_1_82' title="bbox 1920 3273 3492 3340; baseline 0.008 -18"><span class='ocrx_word' id='word_1_532' title='bbox 1920 3273 2093 3340; x_wconf 88' lang='lat' dir='ltr'><strong>parati</strong></span> <span class='ocrx_word' id='word_1_533' title='bbox 2147 3289 2174 3324; x_wconf 90' lang='lat' dir='ltr'><strong>a</strong></span> <span class='ocrx_word' id='word_1_534' title='bbox 2232 3283 2444 3327; x_wconf 86' lang='lat' dir='ltr'><strong>natura.</strong></span> <span class='ocrx_word' id='word_1_535' title='bbox 2491 3273 2675 3329; x_wconf 78' lang='lat' dir='ltr'><strong>Novus</strong></span> <span class='ocrx_word' id='word_1_536' title='bbox 2729 3276 2852 3330; x_wconf 90' lang='lat' dir='ltr'><strong>hinc</strong></span> <span class='ocrx_word' id='word_1_537' title='bbox 2895 3279 2960 3332; x_wconf 86' lang='lat' dir='ltr'><strong>ad</strong></span> <span class='ocrx_word' id='word_1_538' title='bbox 3017 3280 3288 3332; x_wconf 87' lang='lat' dir='ltr'><strong>cumulum</strong></span> <span class='ocrx_word' id='word_1_539' title='bbox 3339 3280 3492 3335; x_wconf 81' lang='lat' dir='ltr'><strong>labor</strong></span> 
     </span>
    </p>
   </div>
   <div class='ocr_carea' id='block_1_83' title="bbox 1922 3361 3492 3438">
    <p class='ocr_par' dir='ltr' id='par_1_83' title="bbox 1922 3361 3492 3438">
     <span class='ocr_line' id='line_1_83' title="bbox 1922 3361 3492 3438; baseline 0.006 -23"><span class='ocrx_word' id='word_1_540' title='bbox 1922 3361 2120 3438; x_wconf 73' lang='lat' dir='ltr'><strong>afﬂicto</strong></span> <span class='ocrx_word' id='word_1_541' title='bbox 2151 3364 2389 3432; x_wconf 79' lang='lat' dir='ltr'><strong>corpori,</strong></span> <span class='ocrx_word' id='word_1_542' title='bbox 2425 3363 2737 3418; x_wconf 83' lang='lat' dir='ltr'><strong>nmrimenti</strong></span> <span class='ocrx_word' id='word_1_543' title='bbox 2778 3367 3102 3421; x_wconf 85' lang='lat' dir='ltr'><strong>subtractio.</strong></span> <span class='ocrx_word' id='word_1_544' title='bbox 3148 3366 3324 3421; x_wconf 84' lang='lat' dir='ltr'><strong>Testis</strong></span> <span class='ocrx_word' id='word_1_545' title='bbox 3356 3366 3492 3424; x_wconf 78' lang='lat' dir='ltr'><strong>mihi</strong></span> 
     </span>
    </p>
   </div>
   <div class='ocr_carea' id='block_1_84' title="bbox 1921 3455 3492 3528">
    <p class='ocr_par' dir='ltr' id='par_1_84' title="bbox 1921 3455 3492 3528">
     <span class='ocr_line' id='line_1_84' title="bbox 1921 3455 3492 3528; baseline 0.004 -20"><span class='ocrx_word' id='word_1_546' title='bbox 1921 3455 2064 3510; x_wconf 85' lang='lat' dir='ltr'><strong>Deus</strong></span> <span class='ocrx_word' id='word_1_547' title='bbox 2094 3456 2184 3521; x_wconf 81' lang='lat' dir='ltr'><strong>sit,</strong></span> <span class='ocrx_word' id='word_1_548' title='bbox 2209 3472 2311 3526; x_wconf 90' lang='lat' dir='ltr'><strong>qua</strong></span> <span class='ocrx_word' id='word_1_549' title='bbox 2339 3471 2437 3527; x_wconf 75' lang='lat' dir='ltr'><strong>ego</strong></span> <span class='ocrx_word' id='word_1_550' title='bbox 2459 3457 2707 3525; x_wconf 80' lang='lat' dir='ltr'><strong>privatim</strong></span> <span class='ocrx_word' id='word_1_551' title='bbox 2734 3457 3008 3528; x_wconf 79' lang='lat' dir='ltr'><strong>diligentia</strong></span> <span class='ocrx_word' id='word_1_552' title='bbox 3037 3459 3300 3528; x_wconf 82' lang='lat' dir='ltr'><strong>quibusve</strong></span> <span class='ocrx_word' id='word_1_553' title='bbox 3327 3473 3492 3514; x_wconf 86' lang='lat' dir='ltr'><strong>cona-</strong></span> 
     </span>
    </p>
   </div>
   <div class='ocr_carea' id='block_1_85' title="bbox 1922 3546 3490 3618">
    <p class='ocr_par' dir='ltr' id='par_1_85' title="bbox 1922 3546 3490 3618">
     <span class='ocr_line' id='line_1_85' title="bbox 1922 3546 3490 3618; baseline 0.004 -18"><span class='ocrx_word' id='word_1_554' title='bbox 1922 3547 2064 3601; x_wconf 92' lang='lat' dir='ltr'><strong>tibus</strong></span> <span class='ocrx_word' id='word_1_555' title='bbox 2121 3546 2346 3602; x_wconf 82' lang='lat' dir='ltr'><strong>cluctari</strong></span> <span class='ocrx_word' id='word_1_556' title='bbox 2418 3547 2522 3602; x_wconf 90' lang='lat' dir='ltr'><strong>hoc</strong></span> <span class='ocrx_word' id='word_1_557' title='bbox 2581 3549 3025 3618; x_wconf 87' lang='lat' dir='ltr'><strong>impedimentum</strong></span> <span class='ocrx_word' id='word_1_558' title='bbox 3095 3550 3490 3606; x_wconf 79' lang='lat' dir='ltr'><strong>contenderim.</strong></span> 
     </span>
    </p>
   </div>
   <div class='ocr_carea' id='block_1_86' title="bbox 1918 3635 3491 3698">
    <p class='ocr_par' dir='ltr' id='par_1_86' title="bbox 1918 3635 3491 3698">
     <span class='ocr_line' id='line_1_86' title="bbox 1918 3635 3491 3698; baseline 0.006 -11"><span class='ocrx_word' id='word_1_559' title='bbox 1918 3636 2148 3689; x_wconf 82' lang='lat' dir='ltr'><strong>Aderam</strong></span> <span class='ocrx_word' id='word_1_560' title='bbox 2203 3635 2351 3690; x_wconf 86' lang='lat' dir='ltr'><strong>horis</strong></span> <span class='ocrx_word' id='word_1_561' title='bbox 2405 3636 2675 3698; x_wconf 89' lang='lat' dir='ltr'><strong>omnibus,</strong></span> <span class='ocrx_word' id='word_1_562' title='bbox 2729 3637 2986 3692; x_wconf 85' lang='lat' dir='ltr'><strong>alimenta</strong></span> <span class='ocrx_word' id='word_1_563' title='bbox 3036 3639 3117 3694; x_wconf 88' lang='lat' dir='ltr'><strong>sic</strong></span> <span class='ocrx_word' id='word_1_564' title='bbox 3171 3639 3365 3694; x_wconf 71' lang='lat' dir='ltr'><strong>affecto</strong></span> <span class='ocrx_word' id='word_1_565' title='bbox 3400 3655 3491 3696; x_wconf 87' lang='lat' dir='ltr'><strong>ac-</strong></span> 
     </span>
    </p>
   </div>
   <div class='ocr_carea' id='block_1_87' title="bbox 1918 3725 3488 3801">
    <p class='ocr_par' dir='ltr' id='par_1_87' title="bbox 1918 3725 3488 3801">
     <span class='ocr_line' id='line_1_87' title="bbox 1918 3725 3488 3801; baseline 0.003 -21"><span class='ocrx_word' id='word_1_566' title='bbox 1918 3725 2258 3780; x_wconf 85' lang='lat' dir='ltr'><strong>commodata</strong></span> <span class='ocrx_word' id='word_1_567' title='bbox 2301 3725 2516 3796; x_wconf 89' lang='lat' dir='ltr'><strong>corpori</strong></span> <span class='ocrx_word' id='word_1_568' title='bbox 2555 3725 2803 3780; x_wconf 87' lang='lat' dir='ltr'><strong>manibus</strong></span> <span class='ocrx_word' id='word_1_569' title='bbox 2845 3726 2960 3796; x_wconf 88' lang='lat' dir='ltr'><strong>ipsa</strong></span> <span class='ocrx_word' id='word_1_570' title='bbox 3003 3727 3321 3785; x_wconf 86' lang='lat' dir='ltr'><strong>ministrans</strong></span> <span class='ocrx_word' id='word_1_571' title='bbox 3359 3745 3488 3801; x_wconf 55' lang='lat' dir='ltr'><strong>pro.</strong></span> 
     </span>
    </p>
   </div>
   <div class='ocr_carea' id='block_1_88' title="bbox 1919 3817 3491 3896">
    <p class='ocr_par' dir='ltr' id='par_1_88' title="bbox 1919 3817 3491 3896">
     <span class='ocr_line' id='line_1_88' title="bbox 1919 3817 3491 3896; baseline 0.001 -18"><span class='ocrx_word' id='word_1_572' title='bbox 1919 3821 2075 3896; x_wconf 88' lang='lat' dir='ltr'><strong>priis,</strong></span> <span class='ocrx_word' id='word_1_573' title='bbox 2136 3835 2200 3875; x_wconf 87' lang='lat' dir='ltr'><strong>ac</strong></span> <span class='ocrx_word' id='word_1_574' title='bbox 2256 3819 2400 3889; x_wconf 85' lang='lat' dir='ltr'><strong>quod</strong></span> <span class='ocrx_word' id='word_1_575' title='bbox 2453 3817 2617 3873; x_wconf 80' lang='lat' dir='ltr'><strong>simul</strong></span> <span class='ocrx_word' id='word_1_576' title='bbox 2675 3819 2867 3890; x_wconf 87' lang='lat' dir='ltr'><strong>idonea</strong></span> <span class='ocrx_word' id='word_1_577' title='bbox 2933 3819 3086 3888; x_wconf 90' lang='lat' dir='ltr'><strong>copia</strong></span> <span class='ocrx_word' id='word_1_578' title='bbox 3146 3821 3320 3890; x_wconf 88' lang='lat' dir='ltr'><strong>trajici</strong></span> <span class='ocrx_word' id='word_1_579' title='bbox 3383 3839 3491 3879; x_wconf 72' lang='lat' dir='ltr'><strong>non</strong></span> 
     </span>
    </p>
   </div>
   <div class='ocr_carea' id='block_1_89' title="bbox 1919 3903 3515 3994">
    <p class='ocr_par' dir='ltr' id='par_1_89' title="bbox 1919 3903 3515 3994">
     <span class='ocr_line' id='line_1_89' title="bbox 1919 3903 3515 3994; baseline 0.002 -24"><span class='ocrx_word' id='word_1_580' title='bbox 1919 3925 2177 3994; x_wconf 45' lang='lat' dir='ltr'><strong>poterat,</strong></span> <span class='ocrx_word' id='word_1_581' title='bbox 2209 3913 2558 3985; x_wconf 79' lang='lat' dir='ltr'><strong>experiendis</strong></span> <span class='ocrx_word' id='word_1_582' title='bbox 2615 3912 2811 3982; x_wconf 62' lang='lat' dir='ltr'><strong>saepius</strong></span> <span class='ocrx_word' id='word_1_583' title='bbox 2860 3913 3266 3970; x_wconf 84' lang='lat' dir='ltr'><strong>sorbitiunculis</strong></span> <span class='ocrx_word' id='word_1_584' title='bbox 3314 3903 3515 3973; x_wconf 7' lang='lat' dir='ltr'><strong>instil-i</strong></span> 
     </span>
    </p>
   </div>
   <div class='ocr_carea' id='block_1_90' title="bbox 1921 4004 3490 4077">
    <p class='ocr_par' dir='ltr' id='par_1_90' title="bbox 1921 4004 3490 4077">
     <span class='ocr_line' id='line_1_90' title="bbox 1921 4004 3490 4077; baseline -0.001 -13"><span class='ocrx_word' id='word_1_585' title='bbox 1921 4008 2062 4074; x_wconf 89' lang='lat' dir='ltr'><strong>lans,</strong></span> <span class='ocrx_word' id='word_1_586' title='bbox 2119 4022 2219 4062; x_wconf 91' lang='lat' dir='ltr'><strong>nec</strong></span> <span class='ocrx_word' id='word_1_587' title='bbox 2267 4006 2509 4077; x_wconf 73' lang='lat' dir='ltr'><strong>segniter</strong></span> <span class='ocrx_word' id='word_1_588' title='bbox 2546 4005 2749 4060; x_wconf 87' lang='lat' dir='ltr'><strong>interea</strong></span> <span class='ocrx_word' id='word_1_589' title='bbox 2801 4004 2995 4059; x_wconf 90' lang='lat' dir='ltr'><strong>medici</strong></span> <span class='ocrx_word' id='word_1_590' title='bbox 3044 4020 3158 4061; x_wconf 83' lang='lat' dir='ltr'><strong>oris</strong></span> <span class='ocrx_word' id='word_1_591' title='bbox 3200 4016 3490 4074; x_wconf 74' lang='lat' dir='ltr'><strong>tumorem,</strong></span> 
     </span>
    </p>
   </div>
   <div class='ocr_carea' id='block_1_91' title="bbox 1922 4093 3492 4172">
    <p class='ocr_par' dir='ltr' id='par_1_91' title="bbox 1922 4093 3492 4172">
     <span class='ocr_line' id='line_1_91' title="bbox 1922 4093 3492 4172; baseline 0.001 -18"><span class='ocrx_word' id='word_1_592' title='bbox 1922 4101 2265 4172; x_wconf 87' lang='lat' dir='ltr'><strong>partiumque</strong></span> <span class='ocrx_word' id='word_1_593' title='bbox 2322 4097 2571 4162; x_wconf 85' lang='lat' dir='ltr'><strong>illarum,</strong></span> <span class='ocrx_word' id='word_1_594' title='bbox 2633 4093 2883 4150; x_wconf 88' lang='lat' dir='ltr'><strong>omnibus</strong></span> <span class='ocrx_word' id='word_1_595' title='bbox 2937 4095 3074 4151; x_wconf 88' lang='lat' dir='ltr'><strong>artis</strong></span> <span class='ocrx_word' id='word_1_596' title='bbox 3125 4096 3492 4156; x_wconf 77' lang='lat' dir='ltr'><strong>delinintentis</strong></span> 
     </span>
    </p>
   </div>
   <div class='ocr_carea' id='block_1_92' title="bbox 1920 4182 3491 4257">
    <p class='ocr_par' dir='ltr' id='par_1_92' title="bbox 1920 4182 3491 4257">
     <span class='ocr_line' id='line_1_92' title="bbox 1920 4182 3491 4257; baseline -0.003 -14"><span class='ocrx_word' id='word_1_597' title='bbox 1920 4203 1984 4244; x_wconf 86' lang='lat' dir='ltr'><strong>ac</strong></span> <span class='ocrx_word' id='word_1_598' title='bbox 2026 4189 2278 4246; x_wconf 84' lang='lat' dir='ltr'><strong>remediis</strong></span> <span class='ocrx_word' id='word_1_599' title='bbox 2315 4201 2610 4257; x_wconf 89' lang='lat' dir='ltr'><strong>procurare</strong></span> <span class='ocrx_word' id='word_1_600' title='bbox 2653 4186 2984 4241; x_wconf 86' lang='lat' dir='ltr'><strong>nitebantur.</strong></span> <span class='ocrx_word' id='word_1_601' title='bbox 3039 4183 3235 4240; x_wconf 80' lang='lat' dir='ltr'><strong>Verum</strong></span> <span class='ocrx_word' id='word_1_602' title='bbox 3289 4199 3389 4239; x_wconf 90' lang='lat' dir='ltr'><strong>nec</strong></span> <span class='ocrx_word' id='word_1_603' title='bbox 3433 4182 3491 4240; x_wconf 88' lang='lat' dir='ltr'><strong>hi</strong></span> 
     </span>
    </p>
   </div>
   <div class='ocr_carea' id='block_1_93' title="bbox 1923 4275 3490 4350">
    <p class='ocr_par' dir='ltr' id='par_1_93' title="bbox 1923 4275 3490 4350">
     <span class='ocr_line' id='line_1_93' title="bbox 1923 4275 3490 4350; baseline -0.003 -14"><span class='ocrx_word' id='word_1_604' title='bbox 1923 4298 2024 4336; x_wconf 88' lang='lat' dir='ltr'><strong>nec</strong></span> <span class='ocrx_word' id='word_1_605' title='bbox 2075 4295 2176 4350; x_wconf 76' lang='lat' dir='ltr'><strong>ego</strong></span> <span class='ocrx_word' id='word_1_606' title='bbox 2232 4279 2643 4349; x_wconf 77' lang='lat' dir='ltr'><strong>proﬁciebamus</strong></span> <span class='ocrx_word' id='word_1_607' title='bbox 2699 4277 2814 4333; x_wconf 85' lang='lat' dir='ltr'><strong>fere</strong></span> <span class='ocrx_word' id='word_1_608' title='bbox 2871 4278 3190 4348; x_wconf 85' lang='lat' dir='ltr'><strong>quidquam.</strong></span> <span class='ocrx_word' id='word_1_609' title='bbox 3256 4277 3381 4332; x_wconf 90' lang='lat' dir='ltr'><strong>Dies</strong></span> <span class='ocrx_word' id='word_1_610' title='bbox 3435 4275 3490 4331; x_wconf 89' lang='lat' dir='ltr'><strong>in</strong></span> 
     </span>
    </p>
   </div>
   <div class='ocr_carea' id='block_1_94' title="bbox 1916 4371 3492 4440">
    <p class='ocr_par' dir='ltr' id='par_1_94' title="bbox 1916 4371 3492 4440">
     <span class='ocr_line' id='line_1_94' title="bbox 1916 4371 3492 4440; baseline -0.004 -11"><span class='ocrx_word' id='word_1_611' title='bbox 1916 4373 2000 4429; x_wconf 92' lang='lat' dir='ltr'><strong>his</strong></span> <span class='ocrx_word' id='word_1_612' title='bbox 2033 4373 2282 4428; x_wconf 91' lang='lat' dir='ltr'><strong>undecim</strong></span> <span class='ocrx_word' id='word_1_613' title='bbox 2321 4372 2584 4436; x_wconf 88' lang='lat' dir='ltr'><strong>abierant,</strong></span> <span class='ocrx_word' id='word_1_614' title='bbox 2622 4371 2674 4425; x_wconf 90' lang='lat' dir='ltr'><strong>in</strong></span> <span class='ocrx_word' id='word_1_615' title='bbox 2711 4385 2904 4440; x_wconf 74' lang='lat' dir='ltr'><strong>magno</strong></span> <span class='ocrx_word' id='word_1_616' title='bbox 2935 4380 3076 4424; x_wconf 88' lang='lat' dir='ltr'><strong>metu</strong></span> <span class='ocrx_word' id='word_1_617' title='bbox 3114 4379 3298 4424; x_wconf 88' lang='lat' dir='ltr'><strong>nostro</strong></span> <span class='ocrx_word' id='word_1_618' title='bbox 3320 4408 3335 4432; x_wconf 86' lang='lat'><strong>,</strong></span> <span class='ocrx_word' id='word_1_619' title='bbox 3368 4383 3492 4424; x_wconf 89' lang='lat' dir='ltr'><strong>cum</strong></span> 
     </span>
    </p>
   </div>
   <div class='ocr_carea' id='block_1_95' title="bbox 1918 4463 3494 4536">
    <p class='ocr_par' dir='ltr' id='par_1_95' title="bbox 1918 4463 3494 4536">
     <span class='ocr_line' id='line_1_95' title="bbox 1918 4463 3494 4536; baseline -0.003 -15"><span class='ocrx_word' id='word_1_620' title='bbox 1918 4467 2063 4522; x_wconf 87' lang='lat' dir='ltr'><strong>velut</strong></span> <span class='ocrx_word' id='word_1_621' title='bbox 2092 4481 2196 4522; x_wconf 90' lang='lat' dir='ltr'><strong>non</strong></span> <span class='ocrx_word' id='word_1_622' title='bbox 2224 4466 2436 4521; x_wconf 88' lang='lat' dir='ltr'><strong>abunde</strong></span> <span class='ocrx_word' id='word_1_623' title='bbox 2469 4466 2637 4519; x_wconf 88' lang='lat' dir='ltr'><strong>multa</strong></span> <span class='ocrx_word' id='word_1_624' title='bbox 2671 4479 2973 4536; x_wconf 78' lang='lat' dir='ltr'><strong>magnaque</strong></span> <span class='ocrx_word' id='word_1_625' title='bbox 3003 4478 3198 4533; x_wconf 89' lang='lat' dir='ltr'><strong>corpus</strong></span> <span class='ocrx_word' id='word_1_626' title='bbox 3236 4478 3400 4518; x_wconf 86' lang='lat' dir='ltr'><strong>unum</strong></span> <span class='ocrx_word' id='word_1_627' title='bbox 3435 4463 3494 4516; x_wconf 80' lang='lat' dir='ltr'><strong>in</strong></span> 
     </span>
    </p>
   </div>
   <div class='ocr_carea' id='block_1_96' title="bbox 1933 4577 3498 4652">
    <p class='ocr_par' dir='ltr' id='par_1_96' title="bbox 1933 4577 3498 4652">
     <span class='ocr_line' id='line_1_96' title="bbox 1933 4577 3498 4652; baseline -0.004 -15"><span class='ocrx_word' id='word_1_628' title='bbox 1933 4598 2038 4652; x_wconf 89' lang='lat' dir='ltr'><strong>que</strong></span> <span class='ocrx_word' id='word_1_629' title='bbox 2059 4581 2226 4636; x_wconf 80' lang='lat' dir='ltr'><strong>variis</strong></span> <span class='ocrx_word' id='word_1_630' title='bbox 2245 4581 2554 4636; x_wconf 88' lang='lat' dir='ltr'><strong>ostenderat</strong></span> <span class='ocrx_word' id='word_1_631' title='bbox 2569 4581 2733 4634; x_wconf 86' lang='lat' dir='ltr'><strong>animi</strong></span> <span class='ocrx_word' id='word_1_632' title='bbox 2764 4580 3058 4649; x_wconf 69' lang='lat' dir='ltr'><strong>prmsentizc</strong></span> <span class='ocrx_word' id='word_1_633' title='bbox 3077 4594 3140 4634; x_wconf 90' lang='lat' dir='ltr'><strong>ac</strong></span> <span class='ocrx_word' id='word_1_634' title='bbox 3160 4577 3498 4634; x_wconf 83' lang='lat' dir='ltr'><strong>fortitudinis</strong></span> 
     </span>
    </p>
   </div>
   <div class='ocr_carea' id='block_1_97' title="bbox 217 4665 3490 4744">
    <p class='ocr_par' dir='ltr' id='par_1_97' title="bbox 217 4665 3490 4744">
     <span class='ocr_line' id='line_1_97' title="bbox 217 4665 3490 4744; baseline 0.001 -25"><span class='ocrx_word' id='word_1_635' title='bbox 217 4665 475 4730; x_wconf 84' lang='lat' dir='ltr'><strong>incidit,</strong></span> <span class='ocrx_word' id='word_1_636' title='bbox 541 4665 644 4718; x_wconf 75' lang='lat' dir='ltr'><strong>alvi</strong></span> <span class='ocrx_word' id='word_1_637' title='bbox 695 4666 891 4728; x_wconf 76' lang='lat' dir='ltr'><strong>lituus,</strong></span> <span class='ocrx_word' id='word_1_638' title='bbox 951 4682 1057 4720; x_wconf 89' lang='lat' dir='ltr'><strong>non</strong></span> <span class='ocrx_word' id='word_1_639' title='bbox 1109 4667 1364 4722; x_wconf 83' lang='lat' dir='ltr'><strong>salutaris</strong></span> <span class='ocrx_word' id='word_1_640' title='bbox 1420 4677 1512 4722; x_wconf 89' lang='lat' dir='ltr'><strong>aut</strong></span> <span class='ocrx_word' id='word_1_641' title='bbox 1564 4668 1806 4735; x_wconf 50' lang='lat' dir='ltr'><strong>criticug</strong></span> <span class='ocrx_word' id='word_1_642' title='bbox 1845 4667 1889 4722; x_wconf 87' lang='lat' dir='ltr'><strong>D</strong></span> <span class='ocrx_word' id='word_1_643' title='bbox 1921 4691 1987 4730; x_wconf 82' lang='lat' dir='ltr'><strong>ne</strong></span> <span class='ocrx_word' id='word_1_644' title='bbox 2016 4686 2126 4730; x_wconf 74' lang='lat' dir='ltr'><strong>tum</strong></span> <span class='ocrx_word' id='word_1_645' title='bbox 2152 4675 2368 4744; x_wconf 80' lang='lat' dir='ltr'><strong>quidem</strong></span> <span class='ocrx_word' id='word_1_646' title='bbox 2399 4673 2563 4728; x_wconf 90' lang='lat' dir='ltr'><strong>oblita</strong></span> <span class='ocrx_word' id='word_1_647' title='bbox 2593 4684 2711 4739; x_wconf 89' lang='lat' dir='ltr'><strong>est;</strong></span> <span class='ocrx_word' id='word_1_648' title='bbox 2746 4674 2872 4743; x_wconf 87' lang='lat' dir='ltr'><strong>quin</strong></span> <span class='ocrx_word' id='word_1_649' title='bbox 2904 4673 3079 4742; x_wconf 90' lang='lat' dir='ltr'><strong>potius</strong></span> <span class='ocrx_word' id='word_1_650' title='bbox 3117 4673 3340 4724; x_wconf 81' lang='lat' dir='ltr'><strong>istarum</strong></span> <span class='ocrx_word' id='word_1_651' title='bbox 3373 4671 3490 4723; x_wconf 81' lang='lat' dir='ltr'><strong>lau-</strong></span> 
     </span>
    </p>
   </div>
   <div class='ocr_carea' id='block_1_98' title="bbox 203 4755 1811 4829">
    <p class='ocr_par' dir='ltr' id='par_1_98' title="bbox 203 4755 1811 4829">
     <span class='ocr_line' id='line_1_98' title="bbox 203 4755 1811 4829; baseline 0.006 -22"><span class='ocrx_word' id='word_1_652' title='bbox 203 4757 395 4827; x_wconf 76' lang='lat'><strong>501</strong></span> <span class='ocrx_word' id='word_1_653' title='bbox 437 4756 529 4811; x_wconf 82' lang='lat' dir='ltr'><strong>sed</strong></span> <span class='ocrx_word' id='word_1_654' title='bbox 560 4755 770 4809; x_wconf 84' lang='lat' dir='ltr'><strong>lethalis</strong></span> <span class='ocrx_word' id='word_1_655' title='bbox 820 4773 1040 4825; x_wconf 86' lang='lat' dir='ltr'><strong>prorsus</strong></span> <span class='ocrx_word' id='word_1_656' title='bbox 1065 4799 1081 4824; x_wconf 93' lang='lat'><strong>,</strong></span> <span class='ocrx_word' id='word_1_657' title='bbox 1117 4768 1170 4812; x_wconf 91' lang='lat' dir='ltr'><strong>et</strong></span> <span class='ocrx_word' id='word_1_658' title='bbox 1205 4759 1462 4829; x_wconf 85' lang='lat' dir='ltr'><strong>reliquias</strong></span> <span class='ocrx_word' id='word_1_659' title='bbox 1495 4760 1690 4816; x_wconf 85' lang='lat' dir='ltr'><strong>virium</strong></span> <span class='ocrx_word' id='word_1_660' title='bbox 1724 4771 1811 4816; x_wconf 87' lang='lat' dir='ltr'><strong>te-</strong></span> 
     </span>
    </p>
   </div>
   <div class='ocr_carea' id='block_1_99' title="bbox 201 4851 1816 4925">
    <p class='ocr_par' dir='ltr' id='par_1_99' title="bbox 201 4851 1816 4925">
     <span class='ocr_line' id='line_1_99' title="bbox 201 4851 1816 4925; baseline 0.004 -23"><span class='ocrx_word' id='word_1_661' title='bbox 201 4864 378 4904; x_wconf 80' lang='lat' dir='ltr'><strong>nues</strong></span> <span class='ocrx_word' id='word_1_662' title='bbox 413 4851 465 4903; x_wconf 90' lang='lat' dir='ltr'><strong>in</strong></span> <span class='ocrx_word' id='word_1_663' title='bbox 495 4864 637 4917; x_wconf 61' lang='grc' dir='ltr'>πει-ο</span> <span class='ocrx_word' id='word_1_664' title='bbox 681 4851 946 4920; x_wconf 79' lang='lat' dir='ltr'><strong>principe,</strong></span> <span class='ocrx_word' id='word_1_665' title='bbox 1018 4852 1069 4905; x_wconf 91' lang='lat' dir='ltr'><strong>in</strong></span> <span class='ocrx_word' id='word_1_666' title='bbox 1117 4852 1295 4918; x_wconf 88' lang='lat' dir='ltr'><strong>nobis,</strong></span> <span class='ocrx_word' id='word_1_667' title='bbox 1329 4854 1421 4922; x_wconf 89' lang='lat' dir='ltr'><strong>qui</strong></span> <span class='ocrx_word' id='word_1_668' title='bbox 1472 4853 1816 4925; x_wconf 78' lang='lat' dir='ltr'><strong>languentem</strong></span> 
     </span>
    </p>
   </div>
   <div class='ocr_carea' id='block_1_100' title="bbox 197 4942 1816 5014">
    <p class='ocr_par' dir='ltr' id='par_1_100' title="bbox 197 4942 1816 5014">
     <span class='ocr_line' id='line_1_100' title="bbox 197 4942 1816 5014; baseline 0.002 -18"><span class='ocrx_word' id='word_1_669' title='bbox 197 4942 590 5003; x_wconf 82' lang='lat' dir='ltr'><strong>curabamus,</strong></span> <span class='ocrx_word' id='word_1_670' title='bbox 619 4956 740 5008; x_wconf 84' lang='lat' dir='ltr'><strong>spes</strong></span> <span class='ocrx_word' id='word_1_671' title='bbox 772 4947 958 4995; x_wconf 88' lang='lat' dir='ltr'><strong>statim</strong></span> <span class='ocrx_word' id='word_1_672' title='bbox 987 4956 1178 4998; x_wconf 89' lang='lat' dir='ltr'><strong>omnes</strong></span> <span class='ocrx_word' id='word_1_673' title='bbox 1205 4953 1646 5014; x_wconf 84' lang='lat' dir='ltr'><strong>consumpturus.</strong></span> <span class='ocrx_word' id='word_1_674' title='bbox 1676 4947 1816 5014; x_wconf 83' lang='lat' dir='ltr'><strong>Ergo</strong></span> 
     </span>
    </p>
   </div>
   <div class='ocr_carea' id='block_1_101' title="bbox 181 5033 1815 5103">
    <p class='ocr_par' dir='ltr' id='par_1_101' title="bbox 181 5033 1815 5103">
     <span class='ocr_line' id='line_1_101' title="bbox 181 5033 1815 5103; baseline 0.002 -15"><span class='ocrx_word' id='word_1_675' title='bbox 181 5036 366 5103; x_wconf 75' lang='lat' dir='ltr'><strong>jam,</strong></span> <span class='ocrx_word' id='word_1_676' title='bbox 403 5042 456 5086; x_wconf 88' lang='lat' dir='ltr'><strong>et</strong></span> <span class='ocrx_word' id='word_1_677' title='bbox 501 5033 908 5088; x_wconf 82' lang='lat' dir='ltr'><strong>denuntiatione</strong></span> <span class='ocrx_word' id='word_1_678' title='bbox 930 5035 1288 5096; x_wconf 88' lang='lat' dir='ltr'><strong>medicorum.</strong></span> <span class='ocrx_word' id='word_1_679' title='bbox 1337 5045 1392 5090; x_wconf 90' lang='lat' dir='ltr'><strong>et</strong></span> <span class='ocrx_word' id='word_1_680' title='bbox 1422 5037 1498 5090; x_wconf 87' lang='lat' dir='ltr'><strong>rei</strong></span> <span class='ocrx_word' id='word_1_681' title='bbox 1547 5036 1815 5092; x_wconf 82' lang='lat' dir='ltr'><strong>evidentia</strong></span> 
     </span>
    </p>
   </div>
   <div class='ocr_carea' id='block_1_102' title="bbox 193 5124 1811 5199">
    <p class='ocr_par' dir='ltr' id='par_1_102' title="bbox 193 5124 1811 5199">
     <span class='ocr_line' id='line_1_102' title="bbox 193 5124 1811 5199; baseline 0.001 -19"><span class='ocrx_word' id='word_1_682' title='bbox 193 5125 447 5194; x_wconf 75' lang='lat' dir='ltr'><strong>ipsius,</strong></span> <span class='ocrx_word' id='word_1_683' title='bbox 510 5124 900 5195; x_wconf 85' lang='lat' dir='ltr'><strong>oeulorumque</strong></span> <span class='ocrx_word' id='word_1_684' title='bbox 955 5128 1205 5195; x_wconf 63' lang='lat' dir='ltr'><strong>praesenti</strong></span> <span class='ocrx_word' id='word_1_685' title='bbox 1274 5127 1398 5191; x_wconf 77' lang='lat' dir='ltr'><strong>fide,</strong></span> <span class='ocrx_word' id='word_1_686' title='bbox 1465 5127 1811 5199; x_wconf 90' lang='lat' dir='ltr'><strong>imperatoris</strong></span> 
     </span>
    </p>
   </div>
   <div class='ocr_carea' id='block_1_103' title="bbox 189 5215 1812 5290">
    <p class='ocr_par' dir='ltr' id='par_1_103' title="bbox 189 5215 1812 5290">
     <span class='ocr_line' id='line_1_103' title="bbox 189 5215 1812 5290; baseline 0.004 -21"><span class='ocrx_word' id='word_1_687' title='bbox 189 5217 440 5285; x_wconf 77' lang='lat' dir='ltr'><strong>passim</strong></span> <span class='ocrx_word' id='word_1_688' title='bbox 475 5215 577 5267; x_wconf 85' lang='lat' dir='ltr'><strong>vita</strong></span> <span class='ocrx_word' id='word_1_689' title='bbox 610 5216 1069 5272; x_wconf 89' lang='lat' dir='ltr'><strong>conclamahatur.</strong></span> <span class='ocrx_word' id='word_1_690' title='bbox 1107 5219 1225 5284; x_wconf 86' lang='lat' dir='ltr'><strong>Quo</strong></span> <span class='ocrx_word' id='word_1_691' title='bbox 1259 5228 1501 5290; x_wconf 89' lang='lat' dir='ltr'><strong>tempore</strong></span> <span class='ocrx_word' id='word_1_692' title='bbox 1527 5229 1727 5288; x_wconf 89' lang='lat' dir='ltr'><strong>quanta</strong></span> <span class='ocrx_word' id='word_1_693' title='bbox 1757 5219 1812 5274; x_wconf 90' lang='lat' dir='ltr'><strong>in</strong></span> 
     </span>
    </p>
   </div>
   <div class='ocr_carea' id='block_1_104' title="bbox 191 5307 1804 5379">
    <p class='ocr_par' dir='ltr' id='par_1_104' title="bbox 191 5307 1804 5379">
     <span class='ocr_line' id='line_1_104' title="bbox 191 5307 1804 5379; baseline 0.002 -16"><span class='ocrx_word' id='word_1_694' title='bbox 191 5323 332 5364; x_wconf 83' lang='lat' dir='ltr'><strong>nos</strong></span> <span class='ocrx_word' id='word_1_695' title='bbox 383 5307 602 5376; x_wconf 88' lang='lat' dir='ltr'><strong>proprie</strong></span> <span class='ocrx_word' id='word_1_696' title='bbox 651 5323 922 5378; x_wconf 82' lang='lat' dir='ltr'><strong>quamque</strong></span> <span class='ocrx_word' id='word_1_697' title='bbox 978 5325 1118 5365; x_wconf 61' lang='lat' dir='ltr'><strong>sava</strong></span> <span class='ocrx_word' id='word_1_698' title='bbox 1166 5309 1471 5368; x_wconf 80' lang='lat' dir='ltr'><strong>incubuerit</strong></span> <span class='ocrx_word' id='word_1_699' title='bbox 1516 5313 1804 5379; x_wconf 76' lang='lat' dir='ltr'><strong>mteroris,</strong></span> 
     </span>
    </p>
   </div>
   <div class='ocr_carea' id='block_1_105' title="bbox 189 5399 1804 5475">
    <p class='ocr_par' dir='ltr' id='par_1_105' title="bbox 189 5399 1804 5475">
     <span class='ocr_line' id='line_1_105' title="bbox 189 5399 1804 5475; baseline 0.001 -18"><span class='ocrx_word' id='word_1_700' title='bbox 189 5399 636 5464; x_wconf 81' lang='lat' dir='ltr'><strong>sollicitudinis,</strong></span> <span class='ocrx_word' id='word_1_701' title='bbox 676 5403 1016 5457; x_wconf 85' lang='lat' dir='ltr'><strong>miseriarum</strong></span> <span class='ocrx_word' id='word_1_702' title='bbox 1046 5404 1224 5458; x_wconf 91' lang='lat' dir='ltr'><strong>omnis</strong></span> <span class='ocrx_word' id='word_1_703' title='bbox 1261 5407 1475 5473; x_wconf 80' lang='lat' dir='ltr'><strong>generis</strong></span> <span class='ocrx_word' id='word_1_704' title='bbox 1529 5404 1761 5475; x_wconf 87' lang='lat' dir='ltr'><strong>procella</strong></span> <span class='ocrx_word' id='word_1_705' title='bbox 1789 5446 1804 5472; x_wconf 97' lang='lat'><strong>,</strong></span> 
     </span>
    </p>
   </div>
   <div class='ocr_carea' id='block_1_106' title="bbox 186 5493 1815 5568">
    <p class='ocr_par' dir='ltr' id='par_1_106' title="bbox 186 5493 1815 5568">
     <span class='ocr_line' id='line_1_106' title="bbox 186 5493 1815 5568; baseline 0.005 -23"><span class='ocrx_word' id='word_1_706' title='bbox 186 5495 356 5564; x_wconf 80' lang='lat' dir='ltr'><strong>quis</strong></span> <span class='ocrx_word' id='word_1_707' title='bbox 380 5493 540 5547; x_wconf 86' lang='lat' dir='ltr'><strong>facile</strong></span> <span class='ocrx_word' id='word_1_708' title='bbox 566 5494 790 5549; x_wconf 84' lang='lat' dir='ltr'><strong>dixerit?</strong></span> <span class='ocrx_word' id='word_1_709' title='bbox 818 5495 1095 5552; x_wconf 85' lang='lat' dir='ltr'><strong>Eminebat</strong></span> <span class='ocrx_word' id='word_1_710' title='bbox 1115 5499 1258 5553; x_wconf 90' lang='lat' dir='ltr'><strong>inter</strong></span> <span class='ocrx_word' id='word_1_711' title='bbox 1279 5499 1520 5553; x_wconf 89' lang='lat' dir='ltr'><strong>omnium</strong></span> <span class='ocrx_word' id='word_1_712' title='bbox 1546 5499 1815 5568; x_wconf 81' lang='lat' dir='ltr'><strong>Iacrymas</strong></span> 
     </span>
    </p>
   </div>
   <div class='ocr_carea' id='block_1_107' title="bbox 129 5587 1812 5661">
    <p class='ocr_par' dir='ltr' id='par_1_107' title="bbox 129 5587 1812 5661">
     <span class='ocr_line' id='line_1_107' title="bbox 129 5587 1812 5661; baseline 0.002 -20"><span class='ocrx_word' id='word_1_713' title='bbox 129 5627 143 5650; x_wconf 59' lang='grc' dir='ltr'><strong><em>ι</em></strong></span> <span class='ocrx_word' id='word_1_714' title='bbox 185 5591 415 5642; x_wconf 74' lang='lat' dir='ltr'><strong>luctus</strong></span> <span class='ocrx_word' id='word_1_715' title='bbox 463 5595 517 5638; x_wconf 85' lang='lat' dir='ltr'><strong>et</strong></span> <span class='ocrx_word' id='word_1_716' title='bbox 565 5587 739 5656; x_wconf 88' lang='lat' dir='ltr'><strong>pietas</strong></span> <span class='ocrx_word' id='word_1_717' title='bbox 773 5587 1064 5658; x_wconf 70' lang='lat' dir='ltr'><strong>Augustae;</strong></span> <span class='ocrx_word' id='word_1_718' title='bbox 1094 5605 1214 5660; x_wconf 73' lang='lat' dir='ltr'><strong>qua:</strong></span> <span class='ocrx_word' id='word_1_719' title='bbox 1259 5606 1568 5661; x_wconf 86' lang='lat' dir='ltr'><strong>quanquam</strong></span> <span class='ocrx_word' id='word_1_720' title='bbox 1615 5590 1812 5644; x_wconf 87' lang='lat' dir='ltr'><strong>nullam</strong></span> 
     </span>
    </p>
   </div>
   <div class='ocr_carea' id='block_1_108' title="bbox 121 5661 1812 5751">
    <p class='ocr_par' dir='ltr' id='par_1_108' title="bbox 121 5661 1812 5751">
     <span class='ocr_line' id='line_1_108' title="bbox 121 5661 1812 5751; baseline -0.001 -18"><span class='ocrx_word' id='word_1_721' title='bbox 121 5661 143 5704; x_wconf 59' lang='grc'><strong><em>³</em></strong></span> <span class='ocrx_word' id='word_1_722' title='bbox 181 5693 338 5733; x_wconf 77' lang='lat' dir='ltr'><strong>non</strong></span> <span class='ocrx_word' id='word_1_723' title='bbox 374 5675 563 5730; x_wconf 83' lang='lat' dir='ltr'><strong>ederet</strong></span> <span class='ocrx_word' id='word_1_724' title='bbox 594 5677 646 5732; x_wconf 93' lang='lat' dir='ltr'><strong>in</strong></span> <span class='ocrx_word' id='word_1_725' title='bbox 678 5677 892 5748; x_wconf 84' lang='lat' dir='ltr'><strong>jactura</strong></span> <span class='ocrx_word' id='word_1_726' title='bbox 941 5682 1249 5736; x_wconf 89' lang='lat' dir='ltr'><strong>charissimi</strong></span> <span class='ocrx_word' id='word_1_727' title='bbox 1291 5682 1484 5751; x_wconf 84' lang='lat' dir='ltr'><strong>capitis</strong></span> <span class='ocrx_word' id='word_1_728' title='bbox 1521 5681 1812 5751; x_wconf 75' lang='lat' dir='ltr'><strong>signiﬁca-</strong></span> 
     </span>
    </p>
   </div>
   <div class='ocr_carea' id='block_1_109' title="bbox 184 5769 1812 5844">
    <p class='ocr_par' dir='ltr' id='par_1_109' title="bbox 184 5769 1812 5844">
     <span class='ocr_line' id='line_1_109' title="bbox 184 5769 1812 5844; baseline 0.001 -20"><span class='ocrx_word' id='word_1_729' title='bbox 184 5773 445 5824; x_wconf 78' lang='lat' dir='ltr'><strong>tionem</strong></span> <span class='ocrx_word' id='word_1_730' title='bbox 483 5769 596 5823; x_wconf 78' lang='lat' dir='ltr'><strong>veri</strong></span> <span class='ocrx_word' id='word_1_731' title='bbox 627 5772 849 5837; x_wconf 88' lang='lat' dir='ltr'><strong>amoris,</strong></span> <span class='ocrx_word' id='word_1_732' title='bbox 881 5771 1295 5844; x_wconf 85' lang='lat' dir='ltr'><strong>insolabilisque</strong></span> <span class='ocrx_word' id='word_1_733' title='bbox 1328 5773 1600 5838; x_wconf 82' lang='lat' dir='ltr'><strong>desiderii,</strong></span> <span class='ocrx_word' id='word_1_734' title='bbox 1635 5782 1812 5828; x_wconf 89' lang='lat' dir='ltr'><strong>tamen</strong></span> 
     </span>
    </p>
   </div>
   <div class='ocr_carea' id='block_1_110' title="bbox 177 5861 1814 5938">
    <p class='ocr_par' dir='ltr' id='par_1_110' title="bbox 177 5861 1814 5938">
     <span class='ocr_line' id='line_1_110' title="bbox 177 5861 1814 5938; baseline 0.004 -25"><span class='ocrx_word' id='word_1_735' title='bbox 177 5865 352 5932; x_wconf 80' lang='lat' dir='ltr'><strong>ejus</strong></span> <span class='ocrx_word' id='word_1_736' title='bbox 383 5875 548 5929; x_wconf 83' lang='lat' dir='ltr'><strong>quam</strong></span> <span class='ocrx_word' id='word_1_737' title='bbox 577 5869 686 5916; x_wconf 89' lang='lat' dir='ltr'><strong>toto</strong></span> <span class='ocrx_word' id='word_1_738' title='bbox 727 5861 852 5918; x_wconf 72' lang='lat' dir='ltr'><strong>vitae</strong></span> <span class='ocrx_word' id='word_1_739' title='bbox 887 5872 1132 5936; x_wconf 90' lang='lat' dir='ltr'><strong>tempore</strong></span> <span class='ocrx_word' id='word_1_740' title='bbox 1157 5866 1209 5922; x_wconf 91' lang='lat' dir='ltr'><strong>in</strong></span> <span class='ocrx_word' id='word_1_741' title='bbox 1249 5864 1504 5938; x_wconf 88' lang='lat' dir='ltr'><strong>periculis</strong></span> <span class='ocrx_word' id='word_1_742' title='bbox 1529 5863 1814 5922; x_wconf 66' lang='lat' dir='ltr'><strong>arumnis-</strong></span> 
     </span>
    </p>
   </div>
   <div class='ocr_carea' id='block_1_111' title="bbox 299 5952 860 6023">
    <p class='ocr_par' dir='ltr' id='par_1_111' title="bbox 299 5952 860 6023">
     <span class='ocr_line' id='line_1_111' title="bbox 299 5952 860 6023; baseline 0.012 -19"><span class='ocrx_word' id='word_1_743' title='bbox 299 5953 366 5988; x_wconf 79' lang='grc'><strong>⁸³</strong></span> <span class='ocrx_word' id='word_1_744' title='bbox 399 5952 860 6023; x_wconf 75' lang='grc' dir='ltr'>φλιγμηνάντων.</span> 
     </span>
    </p>
   </div>
   <div class='ocr_carea' id='block_1_112' title="bbox 1917 4760 3490 4824">
    <p class='ocr_par' dir='ltr' id='par_1_112' title="bbox 1917 4760 3490 4824">
     <span class='ocr_line' id='line_1_112' title="bbox 1917 4760 3490 4824; baseline -0.009 -1"><span class='ocrx_word' id='word_1_745' title='bbox 1917 4767 2042 4823; x_wconf 85' lang='lat' dir='ltr'><strong>dum</strong></span> <span class='ocrx_word' id='word_1_746' title='bbox 2100 4764 2397 4820; x_wconf 90' lang='lat' dir='ltr'><strong>clarissima</strong></span> <span class='ocrx_word' id='word_1_747' title='bbox 2457 4774 2583 4818; x_wconf 91' lang='lat' dir='ltr'><strong>tunc</strong></span> <span class='ocrx_word' id='word_1_748' title='bbox 2632 4765 2865 4818; x_wconf 82' lang='lat' dir='ltr'><strong>maxime</strong></span> <span class='ocrx_word' id='word_1_749' title='bbox 2913 4764 3229 4816; x_wconf 86' lang='lat' dir='ltr'><strong>documenta</strong></span> <span class='ocrx_word' id='word_1_750' title='bbox 3277 4760 3445 4815; x_wconf 86' lang='lat' dir='ltr'><strong>edidit</strong></span> <span class='ocrx_word' id='word_1_751' title='bbox 3474 4799 3490 4824; x_wconf 94' lang='lat'><strong>,</strong></span> 
     </span>
    </p>
   </div>
   <div class='ocr_carea' id='block_1_113' title="bbox 1920 4851 3498 4925">
    <p class='ocr_par' dir='ltr' id='par_1_113' title="bbox 1920 4851 3498 4925">
     <span class='ocr_line' id='line_1_113' title="bbox 1920 4851 3498 4925; baseline -0.006 -14"><span class='ocrx_word' id='word_1_752' title='bbox 1920 4856 2339 4925; x_wconf 77' lang='lat' dir='ltr'><strong>generosissime</strong></span> <span class='ocrx_word' id='word_1_753' title='bbox 2372 4856 2571 4910; x_wconf 88' lang='lat' dir='ltr'><strong>doloris</strong></span> <span class='ocrx_word' id='word_1_754' title='bbox 2601 4855 2862 4908; x_wconf 88' lang='lat' dir='ltr'><strong>cohibens</strong></span> <span class='ocrx_word' id='word_1_755' title='bbox 2905 4853 3124 4906; x_wconf 88' lang='lat' dir='ltr'><strong>nimiam</strong></span> <span class='ocrx_word' id='word_1_756' title='bbox 3168 4853 3299 4918; x_wconf 91' lang='lat' dir='ltr'><strong>vim,</strong></span> <span class='ocrx_word' id='word_1_757' title='bbox 3333 4851 3498 4907; x_wconf 82' lang='lat' dir='ltr'><strong>obfir-</strong></span> 
     </span>
    </p>
   </div>
   <div class='ocr_carea' id='block_1_114' title="bbox 1918 4943 3491 5018">
    <p class='ocr_par' dir='ltr' id='par_1_114' title="bbox 1918 4943 3491 5018">
     <span class='ocr_line' id='line_1_114' title="bbox 1918 4943 3491 5018; baseline -0.004 -14"><span class='ocrx_word' id='word_1_758' title='bbox 1918 4963 2182 5018; x_wconf 86' lang='lat' dir='ltr'><strong>mansque</strong></span> <span class='ocrx_word' id='word_1_759' title='bbox 2231 4963 2289 5004; x_wconf 89' lang='lat' dir='ltr'><strong>se</strong></span> <span class='ocrx_word' id='word_1_760' title='bbox 2334 4959 2517 5003; x_wconf 92' lang='lat' dir='ltr'><strong>contra</strong></span> <span class='ocrx_word' id='word_1_761' title='bbox 2559 4947 2696 4999; x_wconf 82' lang='lat' dir='ltr'><strong>virili</strong></span> <span class='ocrx_word' id='word_1_762' title='bbox 2751 4945 3055 4998; x_wconf 86' lang='lat' dir='ltr'><strong>constantia</strong></span> <span class='ocrx_word' id='word_1_763' title='bbox 3095 4961 3107 4997; x_wconf 90' lang='lat'><strong>:</strong></span> <span class='ocrx_word' id='word_1_764' title='bbox 3146 4956 3198 4998; x_wconf 91' lang='lat' dir='ltr'><strong>et</strong></span> <span class='ocrx_word' id='word_1_765' title='bbox 3237 4943 3386 4996; x_wconf 83' lang='lat' dir='ltr'><strong>velut</strong></span> <span class='ocrx_word' id='word_1_766' title='bbox 3435 4943 3491 4997; x_wconf 87' lang='lat' dir='ltr'><strong>in</strong></span> 
     </span>
    </p>
   </div>
   <div class='ocr_carea' id='block_1_115' title="bbox 1917 5033 3484 5110">
    <p class='ocr_par' dir='ltr' id='par_1_115' title="bbox 1917 5033 3484 5110">
     <span class='ocr_line' id='line_1_115' title="bbox 1917 5033 3484 5110; baseline -0.008 -16"><span class='ocrx_word' id='word_1_767' title='bbox 1917 5035 2194 5110; x_wconf 83' lang='lat' dir='ltr'><strong>Olympico</strong></span> <span class='ocrx_word' id='word_1_768' title='bbox 2238 5038 2458 5108; x_wconf 81' lang='lat' dir='ltr'><strong>pulvere</strong></span> <span class='ocrx_word' id='word_1_769' title='bbox 2510 5034 2708 5089; x_wconf 86' lang='lat' dir='ltr'><strong>athleta</strong></span> <span class='ocrx_word' id='word_1_770' title='bbox 2775 5034 3072 5102; x_wconf 85' lang='lat' dir='ltr'><strong>palmarum</strong></span> <span class='ocrx_word' id='word_1_771' title='bbox 3134 5033 3484 5102; x_wconf 84' lang='lat' dir='ltr'><strong>plurimarum</strong></span> 
     </span>
    </p>
   </div>
   <div class='ocr_carea' id='block_1_116' title="bbox 1915 5123 3486 5190">
    <p class='ocr_par' dir='ltr' id='par_1_116' title="bbox 1915 5123 3486 5190">
     <span class='ocr_line' id='line_1_116' title="bbox 1915 5123 3486 5190; baseline -0.007 -5"><span class='ocrx_word' id='word_1_772' title='bbox 1915 5130 2127 5185; x_wconf 88' lang='lat' dir='ltr'><strong>fortiter</strong></span> <span class='ocrx_word' id='word_1_773' title='bbox 2154 5129 2422 5183; x_wconf 89' lang='lat' dir='ltr'><strong>eluctatur</strong></span> <span class='ocrx_word' id='word_1_774' title='bbox 2451 5125 2821 5180; x_wconf 83' lang='lat' dir='ltr'><strong>adversarium</strong></span> <span class='ocrx_word' id='word_1_775' title='bbox 2849 5166 2862 5190; x_wconf 91' lang='lat'><strong>,</strong></span> <span class='ocrx_word' id='word_1_776' title='bbox 2895 5124 2974 5178; x_wconf 91' lang='lat' dir='ltr'><strong>sic</strong></span> <span class='ocrx_word' id='word_1_777' title='bbox 3022 5123 3109 5178; x_wconf 86' lang='lat' dir='ltr'><strong>illa</strong></span> <span class='ocrx_word' id='word_1_778' title='bbox 3158 5123 3486 5190; x_wconf 87' lang='lat' dir='ltr'><strong>injicientem</strong></span> 
     </span>
    </p>
   </div>
   <div class='ocr_carea' id='block_1_117' title="bbox 1918 5215 3488 5285">
    <p class='ocr_par' dir='ltr' id='par_1_117' title="bbox 1918 5215 3488 5285">
     <span class='ocr_line' id='line_1_117' title="bbox 1918 5215 3488 5285; baseline -0.002 -15"><span class='ocrx_word' id='word_1_779' title='bbox 1918 5220 2100 5273; x_wconf 87' lang='lat' dir='ltr'><strong>virtuti</strong></span> <span class='ocrx_word' id='word_1_780' title='bbox 2152 5233 2263 5272; x_wconf 69' lang='lat' dir='ltr'><strong>sua:</strong></span> <span class='ocrx_word' id='word_1_781' title='bbox 2315 5232 2541 5278; x_wconf 90' lang='lat' dir='ltr'><strong>manus,</strong></span> <span class='ocrx_word' id='word_1_782' title='bbox 2598 5225 2758 5285; x_wconf 88' lang='lat' dir='ltr'><strong>atque</strong></span> <span class='ocrx_word' id='word_1_783' title='bbox 2809 5215 3045 5283; x_wconf 74' lang='lat' dir='ltr'><strong>undique</strong></span> <span class='ocrx_word' id='word_1_784' title='bbox 3100 5216 3440 5282; x_wconf 83' lang='lat' dir='ltr'><strong>ingruentem</strong></span> <span class='ocrx_word' id='word_1_785' title='bbox 3471 5252 3488 5276; x_wconf 84' lang='lat'><strong>,</strong></span> 
     </span>
    </p>
   </div>
   <div class='ocr_carea' id='block_1_118' title="bbox 1916 5304 3490 5382">
    <p class='ocr_par' dir='ltr' id='par_1_118' title="bbox 1916 5304 3490 5382">
     <span class='ocr_line' id='line_1_118' title="bbox 1916 5304 3490 5382; baseline -0.006 -15"><span class='ocrx_word' id='word_1_786' title='bbox 1916 5312 2259 5382; x_wconf 79' lang='lat' dir='ltr'><strong>dejicereque</strong></span> <span class='ocrx_word' id='word_1_787' title='bbox 2319 5316 2643 5371; x_wconf 85' lang='lat' dir='ltr'><strong>conantem,</strong></span> <span class='ocrx_word' id='word_1_788' title='bbox 2693 5315 2874 5359; x_wconf 89' lang='lat' dir='ltr'><strong>erecta</strong></span> <span class='ocrx_word' id='word_1_789' title='bbox 2926 5305 2976 5358; x_wconf 90' lang='lat' dir='ltr'><strong>vi</strong></span> <span class='ocrx_word' id='word_1_790' title='bbox 3030 5305 3194 5359; x_wconf 87' lang='lat' dir='ltr'><strong>animi</strong></span> <span class='ocrx_word' id='word_1_791' title='bbox 3250 5304 3490 5359; x_wconf 88' lang='lat' dir='ltr'><strong>dolorem</strong></span> 
     </span>
    </p>
   </div>
   <div class='ocr_carea' id='block_1_119' title="bbox 1918 5396 3494 5466">
    <p class='ocr_par' dir='ltr' id='par_1_119' title="bbox 1918 5396 3494 5466">
     <span class='ocr_line' id='line_1_119' title="bbox 1918 5396 3494 5466; baseline -0.004 -9"><span class='ocrx_word' id='word_1_792' title='bbox 1918 5403 2242 5457; x_wconf 86' lang='lat' dir='ltr'><strong>acerrimum</strong></span> <span class='ocrx_word' id='word_1_793' title='bbox 2279 5399 2554 5452; x_wconf 87' lang='lat' dir='ltr'><strong>sustinens</strong></span> <span class='ocrx_word' id='word_1_794' title='bbox 2599 5413 2660 5452; x_wconf 90' lang='lat' dir='ltr'><strong>ac</strong></span> <span class='ocrx_word' id='word_1_795' title='bbox 2708 5397 2996 5466; x_wconf 86' lang='lat' dir='ltr'><strong>repellens.</strong></span> <span class='ocrx_word' id='word_1_796' title='bbox 3050 5396 3212 5466; x_wconf 79' lang='lat' dir='ltr'><strong>Atqui</strong></span> <span class='ocrx_word' id='word_1_797' title='bbox 3258 5404 3494 5464; x_wconf 80' lang='lat' dir='ltr'><strong>quanta-</strong></span> 
     </span>
    </p>
   </div>
   <div class='ocr_carea' id='block_1_120' title="bbox 1917 5485 3486 5561">
    <p class='ocr_par' dir='ltr' id='par_1_120' title="bbox 1917 5485 3486 5561">
     <span class='ocr_line' id='line_1_120' title="bbox 1917 5485 3486 5561; baseline -0.005 -14"><span class='ocrx_word' id='word_1_798' title='bbox 1917 5506 2124 5561; x_wconf 89' lang='lat' dir='ltr'><strong>cunque</strong></span> <span class='ocrx_word' id='word_1_799' title='bbox 2150 5499 2458 5554; x_wconf 90' lang='lat' dir='ltr'><strong>conaretur,</strong></span> <span class='ocrx_word' id='word_1_800' title='bbox 2489 5487 2665 5542; x_wconf 88' lang='lat' dir='ltr'><strong>facere</strong></span> <span class='ocrx_word' id='word_1_801' title='bbox 2696 5487 2781 5540; x_wconf 93' lang='lat' dir='ltr'><strong>illa</strong></span> <span class='ocrx_word' id='word_1_802' title='bbox 2814 5485 3032 5556; x_wconf 87' lang='lat' dir='ltr'><strong>quidem</strong></span> <span class='ocrx_word' id='word_1_803' title='bbox 3065 5487 3204 5541; x_wconf 88' lang='lat' dir='ltr'><strong>haud</strong></span> <span class='ocrx_word' id='word_1_804' title='bbox 3252 5497 3486 5557; x_wconf 83' lang='lat' dir='ltr'><strong>poterat,</strong></span> 
     </span>
    </p>
   </div>
   <div class='ocr_carea' id='block_1_121' title="bbox 1917 5576 3490 5654">
    <p class='ocr_par' dir='ltr' id='par_1_121' title="bbox 1917 5576 3490 5654">
     <span class='ocr_line' id='line_1_121' title="bbox 1917 5576 3490 5654; baseline -0.004 -19"><span class='ocrx_word' id='word_1_805' title='bbox 1917 5585 2045 5654; x_wconf 85' lang='lat' dir='ltr'><strong>quin</strong></span> <span class='ocrx_word' id='word_1_806' title='bbox 2069 5581 2282 5650; x_wconf 89' lang='lat' dir='ltr'><strong>quoties</strong></span> <span class='ocrx_word' id='word_1_807' title='bbox 2310 5579 2694 5647; x_wconf 88' lang='lat' dir='ltr'><strong>imperatorem</strong></span> <span class='ocrx_word' id='word_1_808' title='bbox 2721 5579 2774 5631; x_wconf 89' lang='lat' dir='ltr'><strong>in</strong></span> <span class='ocrx_word' id='word_1_809' title='bbox 2809 5577 2914 5632; x_wconf 91' lang='lat' dir='ltr'><strong>isto</strong></span> <span class='ocrx_word' id='word_1_810' title='bbox 2935 5576 3388 5646; x_wconf 76' lang='lat' dir='ltr'><strong>deploratissimo,</strong></span> <span class='ocrx_word' id='word_1_811' title='bbox 3436 5578 3490 5630; x_wconf 90' lang='lat' dir='ltr'><strong>in</strong></span> 
     </span>
    </p>
   </div>
   <div class='ocr_carea' id='block_1_122' title="bbox 1915 5669 3492 5745">
    <p class='ocr_par' dir='ltr' id='par_1_122' title="bbox 1915 5669 3492 5745">
     <span class='ocr_line' id='line_1_122' title="bbox 1915 5669 3492 5745; baseline -0.004 -19"><span class='ocrx_word' id='word_1_812' title='bbox 1915 5691 2024 5745; x_wconf 86' lang='lat' dir='ltr'><strong>quo</strong></span> <span class='ocrx_word' id='word_1_813' title='bbox 2069 5675 2111 5727; x_wconf 88' lang='lat' dir='ltr'><strong>is</strong></span> <span class='ocrx_word' id='word_1_814' title='bbox 2146 5680 2257 5726; x_wconf 90' lang='lat' dir='ltr'><strong>tum</strong></span> <span class='ocrx_word' id='word_1_815' title='bbox 2303 5678 2460 5734; x_wconf 90' lang='lat' dir='ltr'><strong>erat,</strong></span> <span class='ocrx_word' id='word_1_816' title='bbox 2493 5679 2638 5722; x_wconf 86' lang='lat' dir='ltr'><strong>statu</strong></span> <span class='ocrx_word' id='word_1_817' title='bbox 2688 5677 2938 5722; x_wconf 87' lang='lat' dir='ltr'><strong>cerneret</strong></span> <span class='ocrx_word' id='word_1_818' title='bbox 2984 5669 3261 5740; x_wconf 87' lang='lat' dir='ltr'><strong>(cernebat</strong></span> <span class='ocrx_word' id='word_1_819' title='bbox 3311 5675 3492 5721; x_wconf 79' lang='lat' dir='ltr'><strong>autem</strong></span> 
     </span>
    </p>
   </div>
   <div class='ocr_carea' id='block_1_123' title="bbox 1918 5757 3492 5836">
    <p class='ocr_par' dir='ltr' id='par_1_123' title="bbox 1918 5757 3492 5836">
     <span class='ocr_line' id='line_1_123' title="bbox 1918 5757 3492 5836; baseline -0.005 -18"><span class='ocrx_word' id='word_1_820' title='bbox 1918 5762 2180 5836; x_wconf 88' lang='lat' dir='ltr'><strong>assidue),</strong></span> <span class='ocrx_word' id='word_1_821' title='bbox 2225 5760 2763 5819; x_wconf 86' lang='lat' dir='ltr'><strong>transverberaretur</strong></span> <span class='ocrx_word' id='word_1_822' title='bbox 2811 5759 2914 5831; x_wconf 88' lang='lat' dir='ltr'><strong>ipsi</strong></span> <span class='ocrx_word' id='word_1_823' title='bbox 2947 5759 3160 5816; x_wconf 87' lang='lat' dir='ltr'><strong>animus</strong></span> <span class='ocrx_word' id='word_1_824' title='bbox 3208 5759 3358 5829; x_wconf 81' lang='lat' dir='ltr'><strong>plaga</strong></span> <span class='ocrx_word' id='word_1_825' title='bbox 3409 5757 3492 5810; x_wconf 82' lang='lat' dir='ltr'><strong>in-</strong></span> 
     </span>
    </p>
   </div>
   <div class='ocr_carea' id='block_1_124' title="bbox 1917 5841 3496 5931">
    <p class='ocr_par' dir='ltr' id='par_1_124' title="bbox 1917 5841 3496 5931">
     <span class='ocr_line' id='line_1_124' title="bbox 1917 5841 3496 5931; baseline -0.006 -15"><span class='ocrx_word' id='word_1_826' title='bbox 1917 5859 2084 5931; x_wconf 72' lang='lat' dir='ltr'><strong>genti,</strong></span> <span class='ocrx_word' id='word_1_827' title='bbox 2108 5868 2312 5924; x_wconf 87' lang='lat' dir='ltr'><strong>corque</strong></span> <span class='ocrx_word' id='word_1_828' title='bbox 2341 5852 2595 5910; x_wconf 82' lang='lat' dir='ltr'><strong>intimum</strong></span> <span class='ocrx_word' id='word_1_829' title='bbox 2620 5841 2868 5908; x_wconf 75' lang='lat' dir='ltr'><strong>funditus</strong></span> <span class='ocrx_word' id='word_1_830' title='bbox 2888 5848 3496 5908; x_wconf 74' lang='lat' dir='ltr'><strong>succutcretur.Vcrum</strong></span> 
     </span>
    </p>
   </div>
  </div>
