3960 6582
504 516 644 589 1199

508 728 791 786 ὶι.ῐοι·ιιιιιὶἰ
828 728 944 798 pari
982 726 1326 781 contentione
1354 723 1591 778 robustae
1628 722 1866 786 virtutis,
1901 731 2079 774 certa-

508 837 737 891 menque
763 820 996 875 durabat
1027 818 1249 873 obnixis
1301 817 1553 885 utrinque
1586 816 1923 883 impulsibus,
1956 830 2077 869 cum

508 925 559 970 et
593 914 811 971 lethalia
839 912 1040 969 doloris
1068 910 1288 965 vulnera
1346 923 1539 963 sensus
1578 909 1795 977 penitus
1831 905 2073 971 intimos,

512 1008 879 1075 medullasque
912 1005 1052 1061 velut
1080 1005 1221 1073 ipsas
1249 1003 1446 1057 anima:
1490 1002 1868 1069 perVaderent,
1904 1009 1959 1053 et
1992 1014 2079 1053 re-

508 1101 720 1155 lucmns
758 1108 937 1152 tamen
972 1096 1124 1152 fortis
1154 1094 1393 1149 mulieris
1432 1092 1737 1147 constantia
1790 1091 2083 1145 sustineret

508 1207 567 1248 se
616 1192 668 1245 iu
726 1200 891 1255 statu,
953 1200 1249 1258 pectusque
1306 1186 1512 1254 utique,
1576 1184 1750 1239 oﬂicio
1804 1196 2083 1252 generosae

509 1280 697 1336 fortitu
722 1280 863 1341 linis,
896 1287 1139 1333 servaret
1189 1278 1455 1346 integrum
1495 1292 1508 1329 :
1540 1274 1752 1328 interim
1793 1288 1922 1328 sane
1956 1273 2079 1325 dum

508 1374 693 1429 Oculos
741 1384 797 1428 et
844 1372 1047 1425 vultum
1080 1370 1397 1432 concedere,
1445 1366 1645 1437 aliquid
1692 1365 2082 1436 perturbationi

511 1466 735 1529 sineret,
764 1463 971 1529 oculos,
1001 1478 1105 1517 non
1128 1462 1239 1530 jatn
1264 1459 1529 1521 stillatim,
1560 1457 1654 1512 sed
1684 1458 1857 1527 plenis
1880 1457 2082 1526 jugiter

510 1557 739 1612 ﬂuentes
769 1555 926 1622 rivis;
960 1553 1185 1615 vultum,
1218 1552 1286 1605 ab
1316 1550 1404 1604 illo
1432 1549 1617 1603 forma:
1644 1546 1775 1602 llore
1811 1555 2077 1599 mutatum

510 1646 565 1704 in
600 1646 907 1716 squalorem
939 1644 1270 1712 maciemque
1303 1649 1528 1705 tantam,
1587 1648 1641 1692 ut
1675 1654 1793 1693 mox
1818 1637 2085 1690 abituram

514 1743 753 1798 animam
786 1737 1099 1810 prominere
1145 1751 1175 1792 e
1225 1733 1453 1790 summis
1493 1732 1712 1787 naribus
1751 1732 1971 1785 intuens
2006 1730 2085 1785 di-

516 1850 688 1891 ceres.
722 1833 952 1900 Quintus
1000 1836 1118 1886 erat
1164 1844 1322 1898 supra
1375 1826 1642 1882 decimum
1686 1824 1912 1894 Augusti
1950 1824 2084 1887 dies,

523 1927 659 1983 feria
693 1927 881 1997 quinta
916 1922 1265 1978 hebdomadis
1295 1919 1457 1985 illius,
1487 1935 1590 1990 qua
1626 1933 1691 1974 eo
1735 1933 1877 1972 anno
1914 1916 2086 1971 incul-

516 1977 810 2090 patissiitim
839 2014 1081 2070 Domina:
1110 2014 1374 2069 Dormitio
1406 2012 1673 2067 celebrata
1704 2018 1806 2065 est.
1835 2008 1961 2079 Ejus
1984 2008 2089 2062 diei
2120 1977 2167 2036 Β

514 2110 688 2179 primo
722 2120 877 2161 mane
904 2120 1023 2159 cum
1053 2104 1398 2176 imperatoris
1439 2111 1599 2170 caput
1642 2100 1825 2155 nescio
1857 2114 1964 2168 quo
1994 2116 2095 2151 un-

516 2209 713 2271 guento
746 2196 1321 2264 inunxissentquidam
1350 2194 1562 2257 medici,
1587 2201 1743 2263 prout
1768 2191 1897 2261 ipsis
1921 2191 2093 2245 visunt

519 2293 720 2358 fuerat,
778 2290 973 2346 deinde
1025 2288 1173 2344 velut
1244 2286 1530 2358 perfuncti,
1584 2286 1801 2339 domum
1864 2283 2096 2353 quisque

522 2397 676 2437 suam
709 2395 1018 2447 recessere;
1054 2394 1158 2435 non
1192 2378 1432 2441 fortuito,
1464 2391 1637 2444 neque
1681 2373 1751 2429 ob
1798 2372 2097 2428 necessita-

517 2484 633 2531 tem
680 2474 875 2540 ullam,
927 2473 1019 2528 sed
1068 2471 1210 2541 quod
1259 2469 1424 2525 certis
1472 2467 1681 2523 indiciis
1735 2466 2095 2535 intelligerent

508 2556 725 2622 instare
755 2566 961 2621 obitum
994 2561 1371 2633 imperatoris;
1398 2575 1503 2629 quo
1523 2569 1761 2628 tempore
1786 2556 2094 2613 statuebant

521 2672 628 2713 non
661 2670 781 2711 esse
808 2655 909 2710 sibi
943 2650 1410 2714 committendum,
1445 2660 1502 2705 ut
1556 2660 1719 2704 testes
1762 2649 1924 2703 otiosi
1961 2646 2095 2701 tanti

521 2748 647 2802 mali
703 2747 1004 2802 residerent
1038 2744 1183 2810 illic,
1217 2742 1448 2813 expositi
1482 2742 1546 2795 ad
1581 2741 1746 2795 libera
1780 2742 1901 2794 odia
1944 2739 2090 2809 judi-

522 2843 712 2910 ciaque
742 2838 1039 2901 hominum,
1070 2836 1123 2889 in
1150 2834 1396 2906 praesenti
1425 2849 1585 2888 sensu
1610 2832 1835 2901 jactura:
1861 2831 2094 2902 propria:

525 2932 783 3004 quidquid
815 2940 896 2987 est
922 2930 1139 2987 obvium
1168 2928 1527 2997 culpantium.
1559 2927 1692 2981 Tres
1727 2926 1776 2979 hi
1806 2937 1963 2981 crant
2003 2924 2083 2978 fa-

521 3024 630 3079 cile
661 3022 931 3095 principes
955 3019 1071 3091 ejus
1100 3019 1355 3090 temporis
1382 3017 1735 3073 medicormn.
1774 3016 2094 3071 l‘rtecellens

521 3116 776 3172 nimirum
815 3114 925 3181 ille,
970 3110 1039 3168 de
1087 3126 1194 3183 quo
1224 3110 1492 3180 superius,
1524 3107 1781 3163 Nieolaus
1824 3107 2094 3173 Callicles,

1697 513 1713 527 ·
1799 508 2022 572 mare
2061 470 2463 573 conuerte

506 639 809 710 excipiebat
850 636 1039 694 eadem
1099 632 1421 689 immensum
1482 632 1742 703 impetqu
1805 630 2069 685 irruentis
2103 635 2141 690 Α
2175 632 2268 684 καὶ

3627 513 3769 585 ιεοο

2906 632 3003 689 ἐπὶ
3028 609 3274 706 κεῷαλῆς
3306 636 3755 706 συνεστήκεσαν.

2184 718 2310 793 Εἶχε
2348 723 2447 794 μὲν
2596 764 2613 780 .
2759 767 2775 783 .
2925 768 2941 784 .
3087 727 3358 800 ἀνδρεῖον.
3404 727 3520 784 Ἀεὶ
3538 732 3631 783 καὶ
3649 733 3769 792 τοῖς

2183 814 2492 885 ἔμπροσθεν
2520 815 2785 882 κινδύνοις
2818 857 2833 872 .
2930 858 2945 873 .
3097 858 3113 874 .
3266 859 3281 874 .
3434 857 3450 873 .
3597 821 3767 890 μάλι-

2184 924 2286 961 στα
2331 906 2386 960 δὲ
2419 907 2477 960 τὸ
2506 908 2763 978 τηνικάδε
2812 910 3127 979 ἠνδρίσατο,
3174 912 3272 964 καὶ
3319 910 3399 980 τῷ
3444 910 3607 965 πάθει
3659 912 3766 981 τῆς

2181 998 2355 1069 λύπης
2388 1000 2878 1072 ἐμδρεμησαμένη,
2902 1003 3147 1070 εἱστήκει
3190 1003 3446 1072 καθάπερ
3483 1004 3760 1071 ὀλυμπιο-

2183 1093 2339 1162 νίκης
2380 1095 2514 1164 πρδς
2541 1095 2638 1156 τὰς
2666 1094 3007 1164 δριμυτάτας
3044 1094 3267 1158 ὲκείνας
3293 1096 3489 1158 ὀδύνας
3518 1084 3765 1149 ἀντιπα-

2185 1185 2439 1241 λαίουσα.
2492 1187 2979 1257 Κατετιτρώσκετο
3031 1187 3128 1257 μὲν
3171 1188 3279 1255 γὰρ
3307 1187 3409 1256 τὴν
3447 1188 3627 1257 ψυχὴν
3676 1189 3773 1242 καὶ

2184 1280 2512 1347 ἐταράττετο
2534 1278 2666 1350 σὴν
2724 1278 2971 1349 καρδίαν,
3013 1280 3197 1349 δρῶσα
3245 1280 3338 1332 τὸν
3386 1280 3770 1352 αὐτοκράτορα
3820 1342 3821 1347 η

2182 1372 2356 1433 οὕτως
2382 1370 2593 1440 ἔχοντα,
2622 1371 2757 1423 ἀλλὰ
2801 1370 3104 1435 ξυνέτεινεν
3149 1372 3355 1439 ἑαυτὴν
3388 1375 3481 1422 καὶ
3531 1372 3771 1440 ὲνεκαρο

2186 1464 2332 1533 τέρει
2384 1463 2517 1532 πρὸς
2558 1462 2623 1514 τά
2654 1461 2805 1514 δεινά
2855 1462 2950 1514 καὶ
3000 1462 3215 1530 ἐδέχετο
3269 1463 3366 1531 μὲν
3396 1463 3492 1524 τὰς
3532 1462 3768 1531 τρώσεις

2185 1555 2404 1625 καιρίας
2430 1555 2523 1607 καὶ
2548 1553 2610 1607 τὸ
2634 1553 2805 1616 πάθος
2835 1552 3015 1606 αὐτῶν
3043 1553 3358 1605 καθικνεῖτο
3386 1554 3492 1605 τῶν
3528 1554 3767 1622 μυελῶνο

2185 1648 2399 1719 ἀντεῖχε
2448 1647 2503 1699 δὲ
2537 1646 2711 1716 ὅμως,
2744 1644 2924 1699 καίτοι
2973 1644 3208 1697 ἁστακτὶ
3254 1645 3459 1715 ταύτης
3506 1646 3769 1715 κατέᾕρει

2186 1740 2246 1792 τὸ
2273 1740 2527 1809 δάκρυον,
2558 1739 2653 1791 καὶ⁴
2682 1737 2924 1807 τηκεδὼν
2950 1738 3214 1791 κατέλαϐε
3250 1738 3345 1791 τοῦ
3374 1739 3681 1809 προσώπου
3710 1739 3768 1792 τὸ

2188 1832 2405 1899 κάλλος,
2433 1832 2525 1883 καὶ
2563 1832 2620 1883 ἐν
2659 1830 2803 1901 ῥισὶν
2848 1829 3149 1901 άπῃὼρητο
3196 1832 3297 1901 τὴν
3341 1832 3547 1901 ψυχήν.
3596 1831 3765 1883 Πέντε

2193 1927 2288 1978 καὶ
2316 1924 2548 1995 δεκάτην
2583 1924 2641 1976 δὲ
2684 1922 2779 1976 τοῦ
2809 1923 3124 1992 Αὐγούστου
3160 1923 3408 1991 ἄγοντος,
3439 1925 3673 1990 πέμπτη
3716 1923 3770 1976 δὲ

2196 2012 2262 2087 ἦν
2286 2017 2384 2085 τῆς
2413 2014 2715 2085 τηνικαῦτα
2762 2014 3059 2084 ἑϐδομάδος
3094 2015 3312 2083 ἐκείνης
3352 2014 3476 2067 καθ’
3507 2015 3576 2086 ἢν
3611 2016 3645 2084 ἡ
3674 2015 3769 2082 τῆς

2199 2105 2579 2178 ὑπεραμώμου
2635 2106 2938 2176 Δεσποίνης
2980 2107 3075 2160 καὶ
3128 2106 3471 2177 Θεομήτορος
3512 2108 3767 2176 κοίμησις

2198 2200 2543 2271 ἑορτάζεται,
2588 2200 2801 2271 πρωῖας
2835 2198 3229 2269 ἐπαληλιφότες
3275 2198 3375 2269 τὴν
3402 2200 3650 2270 κεφαλὴν
3677 2197 3769 2251 τοῦ

2198 2294 2598 2365 αὐτοκράτορος
2652 2309 2800 2357 τινες
2855 2292 2963 2345 τῶν
3024 2291 3481 2362 Ἀσκληπιαδῶν,
3527 2292 3665 2345 ἄττα
3708 2291 3774 2360 δὴ

2194 2388 2406 2450 τούτοις
2454 2385 2651 2451 ἔδοξεν.
2688 2385 2921 2439 Ἐκεῖνοι
2974 2385 3073 2455 μὲν
3127 2386 3313 2439 οἴκαδε
3363 2383 3655 2455 ἐχώρησαν
3708 2384 3771 2436 οὗ

2200 2480 2400 2550 μάτην,
2431 2479 2553 2533 οὐδὲ
2608 2478 2697 2533 διά
2745 2495 2869 2530 τινα
2928 2476 3121 2547 χρείαν
3172 2477 3361 2539 αὐτοῖς
3409 2476 3769 2542 ἐπείγουσαν,

2196 2568 2331 2623 ἀλλὰ
2364 2569 2583 2637 γνόντες
2628 2568 2719 2621 τὸν
2760 2568 2819 2633 ἐξ
2867 2566 3133 2634 ὑπογυίου
3168 2564 3522 2634 ἐπικείμενον
3559 2565 3639 2635 τῷ
3674 2566 3776 2618 αὐ-

2196 2660 2487 2730 τοκράτορι
2540 2660 2785 2713 κίνδυνον
2812 2673 2828 2691 ⁶
2858 2661 3005 2727 τρεῖς
3045 2658 3147 2728 μὲν
3187 2659 3296 2727 γὰρ
3330 2653 3467 2729 ἦσαν
3516 2659 3563 2709 ot
3610 2673 3781 2727 κορυ-

2198 2758 2348 2823 φαῖοι
2380 2753 2487 2806 τῶν
2515 2752 2736 2823 ίατρῶν,
2780 2752 2807 2805 ὃ
2839 2769 2897 2803 τε
2931 2751 3217 2821 ὑπερφυὴς
3266 2750 3535 2811 Νικόλαος
3559 2750 3589 2801 ὁ
3625 2748 3780 2802 Καλ-

2196 2840 2383 2909 λικλῆς
2415 2840 2508 2895 καί
2535 2858 2618 2903 τις
2648 2840 2833 2910 ἔτερος
2860 2839 3079 2909 Μιχαὴλ
3105 2841 3132 2892 ὁ
3162 2856 3272 2891 παν

2199 2934 2263 2985 ἐκ
2290 2932 2479 3001 γένους
2500 2930 2599 3002 τὴν
2622 2933 2938 3000 ἐπωνυμίαν
2966 2931 3149 3001 λαχὼν
3175 2933 3271 2987 καὶ

2197 3025 2347 3089 λιδδς
2377 3026 2597 3097 Μιχαὴλ
2631 3027 2658 3079 ὁ
2697 3025 2959 3093 ἐκτομίας
2982 3040 2998 3056 ·
3044 3026 3079 3097 η
3114 3024 3301 3094 μέντοι

2198 3116 2593 3183 κυκλώσαντες
2622 3119 2795 3188 αὐτὴν
2841 3118 3045 3182 παντὸς
3083 3117 3177 3172 τοῦ
3214 3135 3276 3171 συ

504 3208 737 3264 -et.alius
766 3206 982 3277 quidam
1006 3202 1235 3259 Michael
1277 3201 1406 3256 Pan.
1444 3242 1458 3260 .
1496 3236 1510 3255 .
1548 3240 1561 3254 .
1598 3242 1612 3257 .
1652 3239 1665 3255 .
1703 3240 1716 3254 .
1758 3240 1772 3255 .
1803 3215 1867 3255 ex
1900 3213 2091 3269 genere

2198 3212 2600 3279 ἀναγκάζοντος
2671 3200 2998 3277 μεταλαόἰίν
3067 3208 3277 3279 τροφῆς

521 3309 936 3370 cognomentum
979 3305 1204 3362 nactus,
1235 3304 1309 3349 et.
1367 3334 1381 3348 .
1420 3333 1435 3349 .
1467 3335 1479 3348 .
1516 3331 1529 3346 .
1563 3332 1578 3347 .
1616 3331 1631 3345 .
1665 3333 1679 3347 .
1720 3331 1732 3345 .
1770 3330 1783 3345 .
1818 3330 1833 3346 .
1870 3334 1884 3347 .
1922 3332 1935 3346 .
1972 3334 1986 3347 .
2029 3332 2044 3346 .
2078 3330 2091 3344 .

2201 3303 2277 3372 μὴ
2310 3301 2687 3369 μεταλαϐοῦσα
2719 3303 2763 3333 ⁸⁸
2794 3302 2887 3353 καὶ
2920 3299 3091 3353 ὕπνου
3120 3300 3165 3333 ⁵⁸
3312 3337 3329 3356 .
3476 3340 3492 3355 .
3643 3318 3787 3355 συν-

528 3429 544 3449 .
584 3432 597 3445 .
632 3430 650 3447 .
688 3431 704 3446 .
745 3429 759 3445 .
805 3426 821 3444 .
871 3387 1097 3443 Michael
1146 3385 1449 3443 euuuclms.
1515 3384 1722 3437 interea
1774 3382 2085 3452 frequentes

2199 3397 2342 3464 εχείς
2381 3395 2475 3447 καὶ
2498 3394 2627 3457 ὅλας
2659 3393 2859 3454 νύκτας
2883 3394 2971 3446 δια
2989 3393 3035 3426 ⁸⁸
3183 3430 3198 3445 .
3350 3429 3367 3447 .
3515 3431 3530 3444 .
3682 3393 3787 3446 ἐπὶ

526 3487 823 3553 Augustam
878 3480 1127 3537 ambiunt
1162 3477 1464 3541 domestici,
1516 3475 1875 3545 precibuSque
1924 3485 2091 3545 agunt

2194 3490 2263 3558 τῇ
2298 3486 2566 3555 Θεραπεία
2617 3485 2710 3538 τοῦ
2748 3486 3017 3555 βασιλέως
3163 3524 3179 3539 .
3329 3523 3344 3539 .
3491 3464 3784 3539 ἐπείθετο.

524 3571 876 3643 infimis,_sibi
910 3580 969 3627 ut
1002 3580 1212 3641 parcat,
1248 3583 1413 3637 seque
1464 3576 1617 3622 curet
1669 3566 2083 3635 aliquantulum.
2211 3579 2371 3633 Ἀλλά
2400 3578 2814 3649 “magum”;
2851 3579 2895 3609 ιν
3045 3620 3061 3636 ,
3210 3616 3227 3635 ,
3373 3616 3391 3633 ,
3535 3579 3788 3646 γενημέ-

524 3666 860 3720 Tamdudum
904 3663 1016 3731 jam
1056 3676 1176 3716 esse
1223 3675 1287 3714 ex
1318 3674 1426 3729 quo
1460 3673 1561 3713 nec
1594 3673 1842 3713 somnum
1880 3657 2091 3721 viderit,

2198 3686 2292 3740 νης
2324 3670 2399 3738 τῷ
2432 3670 2799 3740 αὐτοκράτορι
2841 3671 3006 3723 πάλιν
3153 3711 3167 3725 .
3318 3706 3335 3722 .
3479 3687 3538 3722 το
3575 3669 3787 3740 ᾔσθετο

526 3775 625 3814 nec
660 3760 839 3813 cibum
862 3754 1173 3825 sumpserit.
1193 3752 1357 3808 Cedat
1379 3752 1537 3822 justis
1558 3749 1843 3804 desideriis
1868 3761 2091 3815 naturae,

2196 3761 2731 3831 ἀποκαραδοκὴσασσ
2756 3760 2855 3832 τὴν
2990 3799 3014 3827 γ.
3166 3801 3181 3814 .
3328 3799 3345 3814 .
3459 3758 3628 3828 ζωὴν,
3644 3774 3790 3809 κατ-

525 3867 625 3908 nec
657 3852 861 3907 cladem
893 3849 1019 3902 dum
1066 3846 1351 3917 prohibere
1383 3843 1602 3912 satagit,
1646 3842 1901 3912 geminet.
1952 3841 2091 3895 Nihil

2198 3853 2355 3906 έσαλέ
2395 3870 2458 3905 τε
2503 3854 2704 3925 ἑαυτὴν
2751 3854 2846 3906 ἐπὶ
2889 3851 2985 3903 τοῦ
3134 3891 3155 3906 .
3302 3892 3316 3906 .
3470 3891 3487 3905 .
3629 3848 3787 3903 ἐκώ·

525 3944 737 3999 interim
766 3938 1075 4010 imperatori
1108 3935 1436 4001 defuturum;
1462 3950 1584 3988 mox
1616 3949 1741 3988 vero
1770 3933 1942 4002 ipsun
1971 3948 2091 3987 cum

2199 3943 2297 3996 κυέ
2324 3959 2383 3995 τε
2414 3944 2654 4013 συνεχῶς
2693 3946 2789 3997 καὶ
2825 3944 3127 4015 ὲπλήττετο

512 4032 742 4115 refectis
768 4035 973 4090 viribus
1008 4044 1196 4086 recens
1218 4029 1407 4094 aderit,
1437 4027 1621 4082 utilius
1650 4028 1748 4097 ipsi
1773 4027 2091 4095 obsequium

2200 4035 2286 4105 ἐφ’
2322 4036 2495 4099 οὕτως
2543 4036 2901 4105 ὲπιῦεϐηκὸσι
2955 4038 3170 4098 κακοῖς,
3205 4036 3299 4087 καὶ

527 4140 866 4187 navaturam.
915 4126 1165 4185 Cesserat
1190 4125 1272 4179 his
1303 4124 1541 4189 monitis,
1569 4138 1734 4193 seque
1765 4124 1828 4176 ad
1856 4126 2090 4192 quietem

2202 4128 2298 4197 μὲν
2317 4126 2515 4179 αὐτίκα
2538 4127 2636 4187 τὴν
2660 4127 2806 4197 ζωὴν
2830 4127 3138 4197 ἁπερεύξας

525 4226 764 4292 Augusta
803 4226 1103 4289 receperat.
1138 4215 1299 4287 502
1334 4215 1529 4270 Verum
1561 4214 1915 4269 sollicitor-um
1952 4216 2091 4270 leves

2199 4236 2330 4273 νατο
2356 4218 2437 4271 δέ.
2467 4217 2527 4271 '0
2554 4218 2610 4271 δὲ
2635 4218 2891 4288 βασιλεὺς
2923 4219 3105 4273 καίτοι
3131 4220 3269 4273 θανά

533 4325 586 4369 et
624 4313 781 4368 facile
828 4310 1083 4367 solubiles
1125 4310 1298 4364 somni
1336 4318 1482 4365 sunt.
1529 4306 1725 4361 Animo
1756 4304 1921 4376 linqui
1953 4306 2091 4363 visus

2199 4311 2295 4365 καὶ
2317 4309 2875 4375 καταδυναστεύοντος
2904 4310 3068 4364 αὑτοῦ
3095 4312 3187 4364 τοῦ
3338 4349 3355 4364 .
3504 4349 3521 4363 .
3674 4326 3786 4380 περ

526 4409 822 4475 imperator
860 4410 1112 4458 curantes
1146 4409 1538 4457 commoverat.
1586 4397 1723 4453 lline
1768 4408 1885 4453 orta
1934 4399 2091 4468 trepi-

2200 4402 2465 4471 κρείττων
2492 4406 2588 4457 καὶ
2610 4403 2847 4457 Θανάτου
2870 4408 3167 4475 γενόμενος
3312 4444 3327 4458 .
3479 4440 3495 4457 .
3643 4403 3785 4471 ἐκη-

526 4499 673 4553 datio
708 4497 863 4551 facile
912 4495 1137 4566 perculit
1184 4493 1583 4563 imperatricem
1622 4492 1761 4546 haud
1792 4493 1977 4561 procul
2010 4493 2091 4547 de-

2200 4489 2321 4542 δετό
2348 4508 2409 4543 τε
2442 4490 2544 4560 τῆς
2578 4490 2898 4563 βασιλίσσης
2939 4495 3033 4546 καὶ
3178 4532 3194 4547 .
3347 4535 3361 4549 .
3510 4510 3645 4562 (pero
3678 4494 3782 4563 τὴν

527 4588 891 4655 enmbcntem,
925 4596 977 4641 et
1003 4600 1099 4655 per
1126 4580 1374 4653 soporem
1405 4582 1666 4637 continuo
1713 4582 2091 4653 imaginantem

2202 4582 2456 4653 τοιούτην
2489 4584 2535 4616 ⁸⁸
2570 4586 2875 4655 ἁδημυνίαν
2919 4587 2962 4619 ⁸⁹
2998 4604 3065 4657 με
3211 4628 3225 4643 .
3377 4628 3393 4643 .
3542 4586 3787 4653 θυγατέ-

528 4705 789 4776 qnidquid
840 4703 1062 4759 evenire
1123 4702 1365 4769 Augusto
1416 4705 1633 4768 poterat
1687 4696 1779 4750 tali
1836 4706 2097 4765 tempore.
2135 4699 2311 4763 Dnis,
2342 4706 2549 4767 potens,
2583 4702 2823 4769 graviter
2862 4699 3160 4767 increpavit
3216 4698 3361 4752 illam
3406 4698 3786 4769 impotetiam

529 4800 812 4868 SuSpicata
844 4796 985 4866 quod
1014 4807 1099 4848 res
1127 4801 1245 4847 erat
1273 4789 1467 4860 surgit,
1493 4787 1744 4855 advolat;
1780 4788 1832 4842 in
1865 4788 2103 4857 deliquio

528 4900 766 4959 captum,
790 4888 931 4943 velut
973 4887 1025 4940 in
1069 4884 1181 4955 jam
1213 4893 1482 4939 mortuum
1521 4895 1720 4949 corpus
1754 4880 1955 4947 irruit,
1990 4896 2107 4935 am-

528 4982 775 5052 plexibus
806 4990 966 5047 atque
996 4975 1197 5033 osculis
1230 4988 1469 5030 amorem
1505 4973 1856 5041 do‘loremque
1893 4982 2102 5027 testan-

531 5079 693 5131 tibus.
724 5073 859 5128 Hine
887 5072 1123 5140 ejulatus
1139 5068 1260 5138 plan
1278 5076 1525 5136 etusque,
1556 5079 1618 5121 ac
1639 5074 1833 5120 cetera
1861 5065 1910 5118 id
1936 5080 2106 5134 genus

536 5166 788 5222 interoris
829 5164 1024 5219 indicia
1058 5160 1331 5233 ingentis,
1364 5168 1523 5227 atque
1553 5158 1685 5211 adeo
1713 5157 1868 5219 tanti,
1903 5164 1960 5211 ut
1994 5171 2108 5209 ma-

533 5271 688 5314 tr0na
738 5256 895 5311 malis
930 5255 1106 5324 impar
1146 5260 1296 5305 tanta
1328 5249 1487 5304 simul
1521 5248 1816 5303 acerbitate
1854 5248 2103 5319 ingruen-

534 5352 695 5412 tibus,
725 5348 926 5418 justam
952 5344 1171 5399 oﬂ‘erret
1195 5340 1568 5413 spectantibus
1602 5339 1821 5393 timendi
1855 5354 2101 5405 causam,

533 5457 601 5497 ne
633 5439 829 5496 doloris
871 5436 1240 5508 magnitudine
1265 5434 1448 5489 statim
1493 5432 1809 5487 exanimata
1849 5434 2104 5488 concide-

533 5543 633 5589 ret.
691 5532 825 5589 lline
880 5530 970 5584 tali
1010 5537 1157 5583 statu
1219 5526 1568 5596 conspicatus
1621 5526 1934 5593 imperator,
1978 5535 2105 5579 tunc

530 5626 868 5684 commodum
903 5624 1002 5678 sibi
1031 5622 1271 5677 redditus
1296 5636 1327 5676 e
1363 5633 1622 5693 syncope.
1664 5618 1717 5673 in
1750 5619 1924 5672 media
1978 5617 2100 5671 licet

529 5728 723 5780 morte,
760 5717 949 5770 mortis
982 5724 1160 5768 tamen
1188 5722 1243 5766 et
1268 5712 1374 5774 sui,
1402 5711 1633 5781 vigentis
1667 5710 1895 5765 arbitrio
1934 5710 2098 5763 ratiu-

2203 4792 2587 4847 mmstiludinis
2636 4793 2946 4849 muliebris;
2987 4805 3191 4859 nosque
3225 4806 3327 4844 una
3365 4791 3598 4851 intuens,
3665 4803 3777 4852 me,

2203 4887 2515 4955 inquam,et
2545 4887 2702 4941 tertio
2731 4889 2964 4952 genitam
2994 4901 3305 4956 germanam
3336 4897 3509 4937 meam
3536 4882 3789 4952 Porphy-

2206 4974 2500 5041 rogenitam
2553 4973 2845 5029 Eudoeiam
2898 4974 3043 5045 (nam
3077 4973 3242 5027 Maria
3272 4987 3429 5027 soror
3455 4981 3644 5026 nostra
3674 4980 3789 5025 ter—

2206 5064 2302 5130 tia,
2334 5079 2441 5118 non
2476 5064 2565 5119 illa
2602 5074 2712 5119 tum
2737 5066 2957 5134 quidem
2986 5067 3192 5119 imitata
3225 5075 3469 5118 sanctam
3504 5063 3653 5116 illam
3680 5060 3788 5116 sibi

2204 5157 2602 5227 cognominem,
2634 5158 2852 5211 sedebat
2886 5156 3040 5224 juxta
3072 5156 3233 5225 pedes
3262 5156 3365 5208 utei
3414 5151 3646 5215 domini,
3681 5152 3781 5205 sed

2204 5250 2348 5302 eirea
2373 5257 2536 5317 caput
2563 5249 2866 5318 satagebat,
2904 5264 3098 5316 aquam
3134 5246 3409 5301 deﬁcienti
3445 5244 3781 5315 propinans,

2206 5356 2310 5395 non
2344 5342 2536 5409 poculo
2573 5341 2813 5409 vulgaris
2853 5340 3059 5407 fortine,
3088 5348 3144 5394 at
3173 5341 3280 5394 alio
3309 5340 3544 5409 quodam
3596 5336 3783 5390 inusi-

2207 5441 2329 5487 tatae
2375 5432 2561 5503 ﬁgurae
2610 5411 2835 5504 scypho,
2878 5449 3036 5501 quem
3090 5432 3357 5502 rypellum
3415 5439 3620 5484 vocant
3652 5445 3669 5481 :
3698 5428 3787 5481 sic

2204 5522 2565 5589 conformata,
2596 5534 2654 5577 ut
2702 5539 2797 5593 per
2827 5541 2950 5577 eum
2997 5532 3145 5578 trans
3195 5522 3533 5592 gingivarum
3588 5520 3789 5588 lingua

2207 5631 2267 5670 ac
2295 5616 2454 5683 palati
2492 5627 2754 5670 tumorem
2786 5616 3005 5682 perduci
3046 5615 3111 5669 ad
3143 5624 3325 5684 guttur
3358 5614 3571 5669 aridum
3600 5612 3789 5681 liquor

2208 5708 2437 5776 posset),
2483 5708 2550 5761 ad
2591 5724 2712 5770 nos,
2762 5708 3022 5775 inquam.
3071 5710 3207 5762 duas
3252 5707 3390 5762 filias
3424 5715 3789 5773 cummatre,

1564 5824 1764 5887 Varia:
1808 5823 2115 5886 lectiones
2159 5838 2232 5883 ex
2258 5825 2398 5885 cod.
2432 5825 2699 5886 Coislin.

600 5932 645 5964 “
672 5927 1106 5999 μεταλαϐοὖσαν.
1218 5927 1261 5960 ³⁸
1285 5926 1452 5981 ὕπνου
1486 5924 1648 5987 τινός.
1681 5962 1695 5977 .
1735 5962 1749 5977 .
1778 5963 1793 5979 .

533 6006 577 6041 θ’
619 6002 939 6072 αδκμονίςιν.

1924 5920 1971 5951 ⁸⁸
2023 5920 2464 5976 διατελέσασοαι.

2571 5922 3006 5993 ⁵⁷).ειποθυμίας
3066 5922 3324 5993 ἐσχάτης.
3440 5917 3795 5991 “vetatiqu
