  <div class='ocr_page' id='page_1' title='image "/cluster/home/n/w/nwhite01/storage/ocr_20150623/131/hvd.32044019208263/630.png"; bbox 0 0 3960 6592; ppageno 0'>
   <div class='ocr_carea' id='block_1_1' title="bbox 236 531 1674 610">
    <p class='ocr_par' dir='ltr' id='par_1_1' title="bbox 236 531 1674 610">
     <span class='ocr_line' id='line_1_1' title="bbox 236 531 1674 610; baseline 0.017 -29"><span class='ocrx_word' id='word_1_1' title='bbox 236 551 342 607; x_wconf 83' lang='grc' dir='ltr'>ρων</span> <span class='ocrx_word' id='word_1_2' title='bbox 388 533 420 603; x_wconf 75' lang='grc' dir='ltr'>ἦ</span> <span class='ocrx_word' id='word_1_3' title='bbox 467 533 629 603; x_wconf 80' lang='grc' dir='ltr'><strong>τρίτη</strong></span> <span class='ocrx_word' id='word_1_4' title='bbox 689 535 733 587; x_wconf 85' lang='grc' dir='ltr'>δ’</span> <span class='ocrx_word' id='word_1_5' title='bbox 779 531 846 607; x_wconf 81' lang='grc' dir='ltr'>ἧν</span> <span class='ocrx_word' id='word_1_6' title='bbox 909 536 1048 608; x_wconf 78' lang='grc' dir='ltr'>αὕτη</span> <span class='ocrx_word' id='word_1_7' title='bbox 1099 557 1346 610; x_wconf 82' lang='grc' dir='ltr'>καταγεν</span> <span class='ocrx_word' id='word_1_8' title='bbox 1493 586 1507 602; x_wconf 93' lang='grc'><strong>.</strong></span> <span class='ocrx_word' id='word_1_9' title='bbox 1659 588 1674 605; x_wconf 92' lang='grc'><strong>.</strong></span> 
     </span>
    </p>
   </div>
   <div class='ocr_carea' id='block_1_2' title="bbox 234 626 1805 714">
    <p class='ocr_par' dir='ltr' id='par_1_2' title="bbox 234 626 1805 714">
     <span class='ocr_line' id='line_1_2' title="bbox 234 626 1805 714; baseline 0.013 -38"><span class='ocrx_word' id='word_1_10' title='bbox 234 626 752 697; x_wconf 79' lang='grc' dir='ltr'>Πορφυρογέννητος</span> <span class='ocrx_word' id='word_1_11' title='bbox 783 630 1008 684; x_wconf 83' lang='grc' dir='ltr'>Εὐδοκία</span> <span class='ocrx_word' id='word_1_12' title='bbox 1056 633 1153 702; x_wconf 84' lang='grc'><strong>(6).</strong></span> <span class='ocrx_word' id='word_1_13' title='bbox 1193 633 1256 687; x_wconf 85' lang='grc' dir='ltr'><strong>Ἦ</strong></span> <span class='ocrx_word' id='word_1_14' title='bbox 1291 637 1400 706; x_wconf 78' lang='grc' dir='ltr'><strong>γὰρ</strong></span> <span class='ocrx_word' id='word_1_15' title='bbox 1440 641 1628 712; x_wconf 80' lang='grc' dir='ltr'>Μαρία</span> <span class='ocrx_word' id='word_1_16' title='bbox 1671 643 1805 714; x_wconf 79' lang='grc' dir='ltr'><strong>ἄλλη</strong></span> 
     </span>
    </p>
   </div>
   <div class='ocr_carea' id='block_1_3' title="bbox 231 715 1809 800">
    <p class='ocr_par' dir='ltr' id='par_1_3' title="bbox 231 715 1809 800">
     <span class='ocr_line' id='line_1_3' title="bbox 231 715 1809 800; baseline 0.011 -31"><span class='ocrx_word' id='word_1_17' title='bbox 231 735 312 778; x_wconf 78' lang='grc' dir='ltr'><strong>τις</strong></span> <span class='ocrx_word' id='word_1_18' title='bbox 340 715 458 770; x_wconf 72' lang='grc' dir='ltr'>οἷον</span> <span class='ocrx_word' id='word_1_19' title='bbox 486 719 673 786; x_wconf 82' lang='grc' dir='ltr'>Μαρία</span> <span class='ocrx_word' id='word_1_20' title='bbox 705 720 781 789; x_wconf 82' lang='grc'><strong>(7)</strong></span> <span class='ocrx_word' id='word_1_21' title='bbox 812 724 1230 792; x_wconf 79' lang='grc' dir='ltr'>χρηματίζουσα</span> <span class='ocrx_word' id='word_1_22' title='bbox 1251 727 1312 780; x_wconf 78' lang='grc' dir='ltr'>οὗ</span> <span class='ocrx_word' id='word_1_23' title='bbox 1343 729 1472 800; x_wconf 73' lang='grc' dir='ltr'>περὶ</span> <span class='ocrx_word' id='word_1_24' title='bbox 1495 732 1620 795; x_wconf 76' lang='grc' dir='ltr'>τοὺς</span> <span class='ocrx_word' id='word_1_25' title='bbox 1643 733 1809 796; x_wconf 86' lang='grc' dir='ltr'>πόδας</span> 
     </span>
    </p>
   </div>
   <div class='ocr_carea' id='block_1_4' title="bbox 226 809 1802 897">
    <p class='ocr_par' dir='ltr' id='par_1_4' title="bbox 226 809 1802 897">
     <span class='ocr_line' id='line_1_4' title="bbox 226 809 1802 897; baseline 0.01 -34"><span class='ocrx_word' id='word_1_26' title='bbox 226 809 531 879; x_wconf 73' lang='grc' dir='ltr'>τηνικαῦτα</span> <span class='ocrx_word' id='word_1_27' title='bbox 594 811 880 884; x_wconf 75' lang='grc' dir='ltr'><strong>καθημένη</strong></span> <span class='ocrx_word' id='word_1_28' title='bbox 941 815 1037 867; x_wconf 84' lang='grc' dir='ltr'>τοῦ</span> <span class='ocrx_word' id='word_1_29' title='bbox 1091 817 1226 886; x_wconf 76' lang='grc' dir='ltr'>ἐμοῦ</span> <span class='ocrx_word' id='word_1_30' title='bbox 1294 819 1558 895; x_wconf 71' lang='grc' dir='ltr'>δεσπότου</span> <span class='ocrx_word' id='word_1_31' title='bbox 1609 824 1802 897; x_wconf 81' lang='grc' dir='ltr'>ὥσπερ</span> 
     </span>
    </p>
   </div>
   <div class='ocr_carea' id='block_1_5' title="bbox 226 903 1804 988">
    <p class='ocr_par' dir='ltr' id='par_1_5' title="bbox 226 903 1804 988">
     <span class='ocr_line' id='line_1_5' title="bbox 226 903 1804 988; baseline 0.01 -31"><span class='ocrx_word' id='word_1_32' title='bbox 226 903 346 957; x_wconf 82' lang='grc' dir='ltr'>τότε</span> <span class='ocrx_word' id='word_1_33' title='bbox 392 904 599 972; x_wconf 72' lang='grc' dir='ltr'>ἐκείνη,</span> <span class='ocrx_word' id='word_1_34' title='bbox 647 905 784 958; x_wconf 83' lang='grc' dir='ltr'><strong>ἀλλὰ</strong></span> <span class='ocrx_word' id='word_1_35' title='bbox 835 909 950 970; x_wconf 75' lang='grc' dir='ltr'>τοῖς</span> <span class='ocrx_word' id='word_1_36' title='bbox 994 909 1124 979; x_wconf 77' lang='grc' dir='ltr'>περὶ</span> <span class='ocrx_word' id='word_1_37' title='bbox 1151 910 1254 981; x_wconf 81' lang='grc' dir='ltr'><strong>τὴν</strong></span> <span class='ocrx_word' id='word_1_38' title='bbox 1291 915 1537 985; x_wconf 82' lang='grc' dir='ltr'>κεφαλὴν</span> <span class='ocrx_word' id='word_1_39' title='bbox 1576 918 1804 988; x_wconf 80' lang='grc' dir='ltr'>μέρεσιν</span> 
     </span>
    </p>
   </div>
   <div class='ocr_carea' id='block_1_6' title="bbox 227 994 1803 1072">
    <p class='ocr_par' dir='ltr' id='par_1_6' title="bbox 227 994 1803 1072">
     <span class='ocr_line' id='line_1_6' title="bbox 227 994 1803 1072; baseline 0.01 -26"><span class='ocrx_word' id='word_1_40' title='bbox 227 994 686 1065; x_wconf 77' lang='grc' dir='ltr'>ἐνασχολουμένη,</span> <span class='ocrx_word' id='word_1_41' title='bbox 713 994 860 1066; x_wconf 75' lang='grc' dir='ltr'><strong>ὕδωρ</strong></span> <span class='ocrx_word' id='word_1_42' title='bbox 883 998 1051 1050; x_wconf 77' lang='grc' dir='ltr'>ἐδίδου</span> <span class='ocrx_word' id='word_1_43' title='bbox 1080 999 1256 1072; x_wconf 80' lang='grc' dir='ltr'>τούτῳ</span> <span class='ocrx_word' id='word_1_44' title='bbox 1289 1002 1377 1056; x_wconf 71' lang='grc' dir='ltr'>διὰ</span> <span class='ocrx_word' id='word_1_45' title='bbox 1404 1005 1498 1058; x_wconf 81' lang='grc' dir='ltr'>τοῦ</span> <span class='ocrx_word' id='word_1_46' title='bbox 1529 1008 1803 1062; x_wconf 81' lang='grc' dir='ltr'>κυπέλλου</span> 
     </span>
    </p>
   </div>
   <div class='ocr_carea' id='block_1_7' title="bbox 228 1089 1807 1169">
    <p class='ocr_par' dir='ltr' id='par_1_7' title="bbox 228 1089 1807 1169">
     <span class='ocr_line' id='line_1_7' title="bbox 228 1089 1807 1169; baseline 0.009 -28"><span class='ocrx_word' id='word_1_47' title='bbox 228 1090 284 1142; x_wconf 74' lang='grc' dir='ltr'>οὗ</span> <span class='ocrx_word' id='word_1_48' title='bbox 321 1089 392 1142; x_wconf 82' lang='grc' dir='ltr'><strong>δι’</strong></span> <span class='ocrx_word' id='word_1_49' title='bbox 428 1089 758 1159; x_wconf 76' lang='grc' dir='ltr'>ἐκπώματός</span> <span class='ocrx_word' id='word_1_50' title='bbox 791 1109 938 1154; x_wconf 85' lang='grc' dir='ltr'>τινος</span> <span class='ocrx_word' id='word_1_51' title='bbox 969 1093 1170 1158; x_wconf 81' lang='grc' dir='ltr'>πίνειν,</span> <span class='ocrx_word' id='word_1_52' title='bbox 1228 1096 1316 1150; x_wconf 77' lang='grc' dir='ltr'>ἵνα</span> <span class='ocrx_word' id='word_1_53' title='bbox 1371 1096 1447 1169; x_wconf 84' lang='grc' dir='ltr'><strong>μὴ</strong></span> <span class='ocrx_word' id='word_1_54' title='bbox 1503 1100 1719 1168; x_wconf 83' lang='grc' dir='ltr'>γένοιτό</span> <span class='ocrx_word' id='word_1_55' title='bbox 1758 1103 1807 1155; x_wconf 80' lang='grc' dir='ltr'>οἱ</span> 
     </span>
    </p>
   </div>
   <div class='ocr_carea' id='block_1_8' title="bbox 225 1179 1810 1260">
    <p class='ocr_par' dir='ltr' id='par_1_8' title="bbox 225 1179 1810 1260">
     <span class='ocr_line' id='line_1_8' title="bbox 225 1179 1810 1260; baseline 0.008 -28"><span class='ocrx_word' id='word_1_56' title='bbox 225 1179 490 1242; x_wconf 76' lang='grc' dir='ltr'><strong>πολλάκις</strong></span> <span class='ocrx_word' id='word_1_57' title='bbox 535 1181 811 1246; x_wconf 79' lang='grc' dir='ltr'><strong>δυσκόλως</strong></span> <span class='ocrx_word' id='word_1_58' title='bbox 861 1185 989 1253; x_wconf 79' lang='grc' dir='ltr'>περὶ</span> <span class='ocrx_word' id='word_1_59' title='bbox 1024 1184 1123 1255; x_wconf 77' lang='grc' dir='ltr'><strong>τὴν</strong></span> <span class='ocrx_word' id='word_1_60' title='bbox 1173 1188 1481 1242; x_wconf 80' lang='grc' dir='ltr'><strong>κατάποσιν</strong></span> <span class='ocrx_word' id='word_1_61' title='bbox 1535 1190 1810 1260; x_wconf 70' lang='grc' dir='ltr'>φλεγμαι-</span> 
     </span>
    </p>
   </div>
   <div class='ocr_carea' id='block_1_9' title="bbox 224 1269 1810 1352">
    <p class='ocr_par' dir='ltr' id='par_1_9' title="bbox 224 1269 1810 1352">
     <span class='ocr_line' id='line_1_9' title="bbox 224 1269 1810 1352; baseline 0.01 -31"><span class='ocrx_word' id='word_1_62' title='bbox 224 1269 425 1340; x_wconf 72' lang='grc' dir='ltr'>νούσης</span> <span class='ocrx_word' id='word_1_63' title='bbox 454 1273 555 1340; x_wconf 78' lang='grc' dir='ltr'><strong>τῆς</strong></span> <span class='ocrx_word' id='word_1_64' title='bbox 591 1272 849 1344; x_wconf 81' lang='grc' dir='ltr'>ὑπερῴας</span> <span class='ocrx_word' id='word_1_65' title='bbox 877 1278 972 1329; x_wconf 75' lang='grc' dir='ltr'><strong>καὶ</strong></span> <span class='ocrx_word' id='word_1_66' title='bbox 1004 1277 1178 1346; x_wconf 73' lang='grc' dir='ltr'>αὐτῆς</span> <span class='ocrx_word' id='word_1_67' title='bbox 1211 1279 1275 1350; x_wconf 83' lang='grc' dir='ltr'><strong>δὴ</strong></span> <span class='ocrx_word' id='word_1_68' title='bbox 1308 1282 1404 1350; x_wconf 83' lang='grc' dir='ltr'>τῆς</span> <span class='ocrx_word' id='word_1_69' title='bbox 1436 1280 1683 1352; x_wconf 83' lang='grc' dir='ltr'><strong>γλώττης</strong></span> <span class='ocrx_word' id='word_1_70' title='bbox 1716 1284 1810 1337; x_wconf 71' lang='grc' dir='ltr'><strong>καὶ</strong></span> 
     </span>
    </p>
   </div>
   <div class='ocr_carea' id='block_1_10' title="bbox 223 1359 1801 1438">
    <p class='ocr_par' dir='ltr' id='par_1_10' title="bbox 223 1359 1801 1438">
     <span class='ocr_line' id='line_1_10' title="bbox 223 1359 1801 1438; baseline 0.009 -25"><span class='ocrx_word' id='word_1_71' title='bbox 223 1359 316 1413; x_wconf 72' lang='grc' dir='ltr'>τοῦ</span> <span class='ocrx_word' id='word_1_72' title='bbox 375 1361 662 1429; x_wconf 75' lang='grc' dir='ltr'><strong>φάρυγγος</strong></span> <span class='ocrx_word' id='word_1_73' title='bbox 710 1364 1010 1434; x_wconf 76' lang='grc' dir='ltr'>ἀναφέρειν</span> <span class='ocrx_word' id='word_1_74' title='bbox 1067 1369 1212 1438; x_wconf 71' lang='grc' dir='ltr'>τάχα</span> <span class='ocrx_word' id='word_1_75' title='bbox 1267 1368 1458 1424; x_wconf 78' lang='grc' dir='ltr'>τοῦτον</span> <span class='ocrx_word' id='word_1_76' title='bbox 1515 1371 1801 1430; x_wconf 76' lang='grc' dir='ltr'><strong>ἐθέλουσα.</strong></span> 
     </span>
    </p>
   </div>
   <div class='ocr_carea' id='block_1_11' title="bbox 235 1453 1807 1537">
    <p class='ocr_par' dir='ltr' id='par_1_11' title="bbox 235 1453 1807 1537">
     <span class='ocr_line' id='line_1_11' title="bbox 235 1453 1807 1537; baseline 0.01 -31"><span class='ocrx_word' id='word_1_77' title='bbox 235 1453 482 1518; x_wconf 81' lang='grc' dir='ltr'>Ἐκεῖνος</span> <span class='ocrx_word' id='word_1_78' title='bbox 530 1457 586 1509; x_wconf 81' lang='grc' dir='ltr'><strong>δὲ</strong></span> <span class='ocrx_word' id='word_1_79' title='bbox 639 1457 921 1528; x_wconf 77' lang='grc' dir='ltr'>σταθηρὰς</span> <span class='ocrx_word' id='word_1_80' title='bbox 969 1461 1069 1530; x_wconf 81' lang='grc' dir='ltr'><strong>μὲν</strong></span> <span class='ocrx_word' id='word_1_81' title='bbox 1113 1463 1205 1515; x_wconf 79' lang='grc' dir='ltr'><strong>καὶ</strong></span> <span class='ocrx_word' id='word_1_82' title='bbox 1246 1463 1508 1535; x_wconf 78' lang='grc' dir='ltr'>ἀνδρικὰς</span> <span class='ocrx_word' id='word_1_83' title='bbox 1546 1466 1807 1537; x_wconf 78' lang='grc' dir='ltr'>διεμήνυε</span> 
     </span>
    </p>
   </div>
   <div class='ocr_carea' id='block_1_12' title="bbox 222 1548 1810 1627">
    <p class='ocr_par' dir='ltr' id='par_1_12' title="bbox 222 1548 1810 1627">
     <span class='ocr_line' id='line_1_12' title="bbox 222 1548 1810 1627; baseline 0.01 -30"><span class='ocrx_word' id='word_1_84' title='bbox 222 1548 527 1614; x_wconf 69' lang='grc' dir='ltr'>τηνικαῦτα</span> <span class='ocrx_word' id='word_1_85' title='bbox 569 1551 950 1620; x_wconf 76' lang='grc' dir='ltr'><strong>παραινέσεις,</strong></span> <span class='ocrx_word' id='word_1_86' title='bbox 979 1554 1130 1622; x_wconf 82' lang='grc' dir='ltr'><strong>ὅμως</strong></span> <span class='ocrx_word' id='word_1_87' title='bbox 1165 1554 1357 1624; x_wconf 81' lang='grc' dir='ltr'>μέντοι</span> <span class='ocrx_word' id='word_1_88' title='bbox 1400 1557 1658 1627; x_wconf 73' lang='grc' dir='ltr'>ἐσχάτας.</span> <span class='ocrx_word' id='word_1_89' title='bbox 1698 1561 1810 1615; x_wconf 75' lang='grc' dir='ltr'><strong>Καὶ</strong></span> 
     </span>
    </p>
   </div>
   <div class='ocr_carea' id='block_1_13' title="bbox 220 1641 1801 1724">
    <p class='ocr_par' dir='ltr' id='par_1_13' title="bbox 220 1641 1801 1724">
     <span class='ocr_line' id='line_1_13' title="bbox 220 1641 1801 1724; baseline 0.009 -32"><span class='ocrx_word' id='word_1_90' title='bbox 220 1641 294 1704; x_wconf 76' lang='grc' dir='ltr'><strong>τί,</strong></span> <span class='ocrx_word' id='word_1_91' title='bbox 333 1643 494 1710; x_wconf 78' lang='grc' dir='ltr'><strong>φησὶ.</strong></span> <span class='ocrx_word' id='word_1_92' title='bbox 527 1643 854 1711; x_wconf 77' lang='grc' dir='ltr'>προεξάγεις</span> <span class='ocrx_word' id='word_1_93' title='bbox 901 1648 1112 1716; x_wconf 80' lang='grc' dir='ltr'>σαυτὴν</span> <span class='ocrx_word' id='word_1_94' title='bbox 1154 1647 1300 1702; x_wconf 76' lang='grc' dir='ltr'>οὕτω</span> <span class='ocrx_word' id='word_1_95' title='bbox 1341 1652 1801 1724; x_wconf 77' lang='grc' dir='ltr'>κατατρυχομὲνη</span> 
     </span>
    </p>
   </div>
   <div class='ocr_carea' id='block_1_14' title="bbox 219 1734 1808 1811">
    <p class='ocr_par' dir='ltr' id='par_1_14' title="bbox 219 1734 1808 1811">
     <span class='ocr_line' id='line_1_14' title="bbox 219 1734 1808 1811; baseline 0.007 -23"><span class='ocrx_word' id='word_1_96' title='bbox 219 1737 284 1806; x_wconf 79' lang='grc' dir='ltr'>τῇ</span> <span class='ocrx_word' id='word_1_97' title='bbox 345 1734 506 1805; x_wconf 81' lang='grc' dir='ltr'>ἡμῶν</span> <span class='ocrx_word' id='word_1_98' title='bbox 545 1736 796 1807; x_wconf 79' lang='grc' dir='ltr'>τελευτῇ.</span> <span class='ocrx_word' id='word_1_99' title='bbox 856 1739 951 1792; x_wconf 78' lang='grc' dir='ltr'>καὶ</span> <span class='ocrx_word' id='word_1_100' title='bbox 1003 1741 1155 1810; x_wconf 81' lang='grc' dir='ltr'>ἡμᾶς</span> <span class='ocrx_word' id='word_1_101' title='bbox 1217 1743 1664 1811; x_wconf 80' lang='grc' dir='ltr'>καταναγκάζεις</span> <span class='ocrx_word' id='word_1_102' title='bbox 1710 1745 1808 1798; x_wconf 84' lang='grc' dir='ltr'>τοῦ</span> 
     </span>
    </p>
   </div>
   <div class='ocr_carea' id='block_1_15' title="bbox 221 1827 1802 1906">
    <p class='ocr_par' dir='ltr' id='par_1_15' title="bbox 221 1827 1802 1906">
     <span class='ocr_line' id='line_1_15' title="bbox 221 1827 1802 1906; baseline 0.006 -25"><span class='ocrx_word' id='word_1_103' title='bbox 221 1828 648 1895; x_wconf 74' lang='grc' dir='ltr'><strong>κατεπείγοντος</strong></span> <span class='ocrx_word' id='word_1_104' title='bbox 671 1827 906 1883; x_wconf 84' lang='grc' dir='ltr'>θανάτου</span> <span class='ocrx_word' id='word_1_105' title='bbox 934 1833 1324 1898; x_wconf 73' lang='grc' dir='ltr'><strong>προαπελθεῖν.</strong></span> <span class='ocrx_word' id='word_1_106' title='bbox 1349 1836 1424 1888; x_wconf 78' lang='grc' dir='ltr'><strong>Οὐ</strong></span> <span class='ocrx_word' id='word_1_107' title='bbox 1459 1836 1677 1906; x_wconf 77' lang='grc' dir='ltr'>βλέψεις</span> <span class='ocrx_word' id='word_1_108' title='bbox 1705 1834 1802 1891; x_wconf 74' lang='grc' dir='ltr'><strong>οὖν</strong></span> 
     </span>
    </p>
   </div>
   <div class='ocr_carea' id='block_1_16' title="bbox 218 1911 1877 1992">
    <p class='ocr_par' dir='ltr' id='par_1_16' title="bbox 218 1911 1877 1992">
     <span class='ocr_line' id='line_1_16' title="bbox 218 1911 1877 1992; baseline 0.008 -24"><span class='ocrx_word' id='word_1_109' title='bbox 218 1916 360 1984; x_wconf 84' lang='grc' dir='ltr'>πρὸς</span> <span class='ocrx_word' id='word_1_110' title='bbox 400 1917 604 1988; x_wconf 79' lang='grc' dir='ltr'>ἑαυτὴν</span> <span class='ocrx_word' id='word_1_111' title='bbox 653 1919 746 1971; x_wconf 68' lang='grc' dir='ltr'>καὶ</span> <span class='ocrx_word' id='word_1_112' title='bbox 795 1920 931 1989; x_wconf 70' lang='grc' dir='ltr'>προς</span> <span class='ocrx_word' id='word_1_113' title='bbox 973 1921 1042 1975; x_wconf 80' lang='grc' dir='ltr'>τὰ</span> <span class='ocrx_word' id='word_1_114' title='bbox 1086 1923 1423 1992; x_wconf 76' lang='grc' dir='ltr'><strong>ἐνεστηκότα</strong></span> <span class='ocrx_word' id='word_1_115' title='bbox 1472 1926 1648 1992; x_wconf 78' lang='grc' dir='ltr'>δεινὰ,</span> <span class='ocrx_word' id='word_1_116' title='bbox 1683 1928 1802 1982; x_wconf 82' lang='grc' dir='ltr'><strong>ἀλλ’</strong></span> <span class='ocrx_word' id='word_1_117' title='bbox 1831 1911 1877 1971; x_wconf 81' lang='grc' dir='ltr'><strong>Β</strong></span> 
     </span>
    </p>
   </div>
   <div class='ocr_carea' id='block_1_17' title="bbox 217 2007 1804 2091">
    <p class='ocr_par' dir='ltr' id='par_1_17' title="bbox 217 2007 1804 2091">
     <span class='ocr_line' id='line_1_17' title="bbox 217 2007 1804 2091; baseline 0.009 -31"><span class='ocrx_word' id='word_1_118' title='bbox 217 2007 440 2062; x_wconf 71' lang='grc' dir='ltr'>ἔκδοτον</span> <span class='ocrx_word' id='word_1_119' title='bbox 481 2009 685 2080; x_wconf 75' lang='grc' dir='ltr'>σαυτὴν</span> <span class='ocrx_word' id='word_1_120' title='bbox 735 2014 907 2076; x_wconf 79' lang='grc' dir='ltr'>ποιεῖς</span> <span class='ocrx_word' id='word_1_121' title='bbox 956 2013 1033 2079; x_wconf 86' lang='grc' dir='ltr'>τῷ</span> <span class='ocrx_word' id='word_1_122' title='bbox 1075 2015 1465 2086; x_wconf 74' lang='grc' dir='ltr'>ἑπιρρεύσαντί</span> <span class='ocrx_word' id='word_1_123' title='bbox 1521 2035 1605 2072; x_wconf 85' lang='grc' dir='ltr'>σοι</span> <span class='ocrx_word' id='word_1_124' title='bbox 1655 2020 1804 2091; x_wconf 88' lang='grc' dir='ltr'>πόνῳ</span> 
     </span>
    </p>
   </div>
   <div class='ocr_carea' id='block_1_18' title="bbox 217 2099 1802 2181">
    <p class='ocr_par' dir='ltr' id='par_1_18' title="bbox 217 2099 1802 2181">
     <span class='ocr_line' id='line_1_18' title="bbox 217 2099 1802 2181; baseline 0.014 -31"><span class='ocrx_word' id='word_1_125' title='bbox 217 2101 318 2171; x_wconf 73' lang='grc' dir='ltr'>τῆς</span> <span class='ocrx_word' id='word_1_126' title='bbox 344 2099 526 2170; x_wconf 77' lang='grc' dir='ltr'>λύπης</span> <span class='ocrx_word' id='word_1_127' title='bbox 673 2140 688 2155; x_wconf 93' lang='grc'><strong>.</strong></span> <span class='ocrx_word' id='word_1_128' title='bbox 839 2143 856 2160; x_wconf 91' lang='grc'><strong>.</strong></span> <span class='ocrx_word' id='word_1_129' title='bbox 1000 2105 1173 2159; x_wconf 81' lang='grc' dir='ltr'>ταῦτα</span> <span class='ocrx_word' id='word_1_130' title='bbox 1227 2108 1408 2179; x_wconf 76' lang='grc' dir='ltr'>ἐκείνη</span> <span class='ocrx_word' id='word_1_131' title='bbox 1462 2110 1561 2181; x_wconf 81' lang='grc' dir='ltr'>μὲν</span> <span class='ocrx_word' id='word_1_132' title='bbox 1592 2112 1637 2144; x_wconf 81' lang='grc'><strong>⁸⁸</strong></span> <span class='ocrx_word' id='word_1_133' title='bbox 1786 2154 1802 2172; x_wconf 88' lang='grc'><strong>.</strong></span> 
     </span>
    </p>
   </div>
   <div class='ocr_carea' id='block_1_19' title="bbox 530 2194 1808 2274">
    <p class='ocr_par' dir='ltr' id='par_1_19' title="bbox 530 2194 1808 2274">
     <span class='ocr_line' id='line_1_19' title="bbox 530 2194 1808 2274; baseline 0.012 -29"><span class='ocrx_word' id='word_1_134' title='bbox 530 2195 596 2265; x_wconf 79' lang='grc' dir='ltr'>τῇ</span> <span class='ocrx_word' id='word_1_135' title='bbox 652 2194 694 2226; x_wconf 81' lang='grc'><strong>⁶¹</strong></span> <span class='ocrx_word' id='word_1_136' title='bbox 754 2195 991 2265; x_wconf 73' lang='grc' dir='ltr'><strong>βασιλίδι</strong></span> <span class='ocrx_word' id='word_1_137' title='bbox 1039 2198 1288 2263; x_wconf 79' lang='grc' dir='ltr'>ἀνέξαινε</span> <span class='ocrx_word' id='word_1_138' title='bbox 1344 2205 1442 2271; x_wconf 82' lang='grc' dir='ltr'><strong>μὲν</strong></span> <span class='ocrx_word' id='word_1_139' title='bbox 1502 2204 1707 2274; x_wconf 79' lang='grc' dir='ltr'>μᾶλλον</span> <span class='ocrx_word' id='word_1_140' title='bbox 1745 2206 1808 2261; x_wconf 79' lang='grc' dir='ltr'><strong>τὸ</strong></span> 
     </span>
    </p>
   </div>
   <div class='ocr_carea' id='block_1_20' title="bbox 703 2290 1809 2364">
    <p class='ocr_par' dir='ltr' id='par_1_20' title="bbox 703 2290 1809 2364">
     <span class='ocr_line' id='line_1_20' title="bbox 703 2290 1809 2364; baseline 0.013 -23"><span class='ocrx_word' id='word_1_141' title='bbox 703 2305 778 2359; x_wconf 88' lang='grc' dir='ltr'>μα</span> <span class='ocrx_word' id='word_1_142' title='bbox 812 2290 911 2359; x_wconf 82' lang='grc' dir='ltr'>τῆς</span> <span class='ocrx_word' id='word_1_143' title='bbox 952 2295 1262 2364; x_wconf 79' lang='grc' dir='ltr'>συμφορᾶς.</span> <span class='ocrx_word' id='word_1_144' title='bbox 1297 2294 1443 2364; x_wconf 87' lang='grc' dir='ltr'><strong>Ἐγὼ</strong></span> <span class='ocrx_word' id='word_1_145' title='bbox 1473 2297 1531 2351; x_wconf 83' lang='grc' dir='ltr'><strong>δὲ</strong></span> <span class='ocrx_word' id='word_1_146' title='bbox 1571 2301 1809 2357; x_wconf 70' lang='grc' dir='ltr'>παντοία</span> 
     </span>
    </p>
   </div>
   <div class='ocr_carea' id='block_1_21' title="bbox 951 2386 1808 2461">
    <p class='ocr_par' dir='ltr' id='par_1_21' title="bbox 951 2386 1808 2461">
     <span class='ocr_line' id='line_1_21' title="bbox 951 2386 1808 2461; baseline 0.011 -24"><span class='ocrx_word' id='word_1_147' title='bbox 951 2386 1068 2449; x_wconf 78' lang='grc' dir='ltr'>τοῖς</span> <span class='ocrx_word' id='word_1_148' title='bbox 1110 2403 1171 2440; x_wconf 87' lang='grc' dir='ltr'><strong>τε</strong></span> <span class='ocrx_word' id='word_1_149' title='bbox 1217 2391 1456 2461; x_wconf 66' lang='grc' dir='ltr'>παροῧσι</span> <span class='ocrx_word' id='word_1_150' title='bbox 1493 2393 1674 2460; x_wconf 85' lang='grc' dir='ltr'>φίλοις</span> <span class='ocrx_word' id='word_1_151' title='bbox 1711 2395 1808 2449; x_wconf 76' lang='grc' dir='ltr'>καὶ</span> 
     </span>
    </p>
   </div>
   <div class='ocr_carea' id='block_1_22' title="bbox 1391 2482 1806 2556">
    <p class='ocr_par' dir='ltr' id='par_1_22' title="bbox 1391 2482 1806 2556">
     <span class='ocr_line' id='line_1_22' title="bbox 1391 2482 1806 2556; baseline 0.012 -21"><span class='ocrx_word' id='word_1_152' title='bbox 1391 2482 1538 2547; x_wconf 84' lang='grc' dir='ltr'>ένοις</span> <span class='ocrx_word' id='word_1_153' title='bbox 1591 2485 1806 2556; x_wconf 82' lang='grc' dir='ltr'>ἀνθρὼ-</span> 
     </span>
    </p>
   </div>
   <div class='ocr_carea' id='block_1_23' title="bbox 1645 2579 1804 2644">
    <p class='ocr_par' dir='ltr' id='par_1_23' title="bbox 1645 2579 1804 2644">
     <span class='ocr_line' id='line_1_23' title="bbox 1645 2579 1804 2644; baseline 0 -11"><span class='ocrx_word' id='word_1_154' title='bbox 1645 2579 1804 2644; x_wconf 71' lang='grc' dir='ltr'>Θεὸν,</span> 
     </span>
    </p>
   </div>
   <div class='ocr_carea' id='block_1_24' title="bbox 219 2373 474 2449">
    <p class='ocr_par' dir='ltr' id='par_1_24' title="bbox 219 2373 474 2449">
     <span class='ocr_line' id='line_1_24' title="bbox 219 2373 474 2449; baseline -0.004 -16"><span class='ocrx_word' id='word_1_155' title='bbox 219 2373 288 2449; x_wconf 77' lang='grc' dir='ltr'>ἧν</span> <span class='ocrx_word' id='word_1_156' title='bbox 312 2380 410 2432; x_wconf 62' lang='grc' dir='ltr'><strong>καὶ¹</strong></span> <span class='ocrx_word' id='word_1_157' title='bbox 443 2378 474 2432; x_wconf 78' lang='grc' dir='ltr'><strong>ὃ</strong></span> 
     </span>
    </p>
   </div>
   <div class='ocr_carea' id='block_1_25' title="bbox 222 2470 744 2542">
    <p class='ocr_par' dir='ltr' id='par_1_25' title="bbox 222 2470 744 2542">
     <span class='ocr_line' id='line_1_25' title="bbox 222 2470 744 2542; baseline 0.008 -18"><span class='ocrx_word' id='word_1_158' title='bbox 222 2473 341 2536; x_wconf 83' lang='grc' dir='ltr'>τοῖς</span> <span class='ocrx_word' id='word_1_159' title='bbox 398 2470 528 2525; x_wconf 77' lang='grc' dir='ltr'>ὕστε</span> <span class='ocrx_word' id='word_1_160' title='bbox 539 2488 632 2542; x_wconf 91' lang='grc' dir='ltr'><strong>ρον</strong></span> <span class='ocrx_word' id='word_1_161' title='bbox 685 2476 744 2528; x_wconf 77' lang='grc' dir='ltr'>ἒν</span> 
     </span>
    </p>
   </div>
   <div class='ocr_carea' id='block_1_26' title="bbox 217 2567 1164 2643">
    <p class='ocr_par' dir='ltr' id='par_1_26' title="bbox 217 2567 1164 2643">
     <span class='ocr_line' id='line_1_26' title="bbox 217 2567 1164 2643; baseline 0.007 -24"><span class='ocrx_word' id='word_1_162' title='bbox 217 2581 344 2628; x_wconf 69' lang='grc' dir='ltr'>ποις</span> <span class='ocrx_word' id='word_1_163' title='bbox 365 2567 443 2635; x_wconf 81' lang='grc' dir='ltr'>τῷ</span> <span class='ocrx_word' id='word_1_164' title='bbox 463 2568 856 2638; x_wconf 79' lang='grc' dir='ltr'>συγγράμματι</span> <span class='ocrx_word' id='word_1_165' title='bbox 880 2569 1052 2643; x_wconf 83' lang='grc' dir='ltr'>τούτῳ</span> <span class='ocrx_word' id='word_1_166' title='bbox 1073 2573 1164 2626; x_wconf 84' lang='grc' dir='ltr'><strong>τὸν</strong></span> 
     </span>
    </p>
   </div>
   <div class='ocr_carea' id='block_1_27' title="bbox 216 2660 1801 2744">
    <p class='ocr_par' dir='ltr' id='par_1_27' title="bbox 216 2660 1801 2744">
     <span class='ocr_line' id='line_1_27' title="bbox 216 2660 1801 2744; baseline 0.01 -27"><span class='ocrx_word' id='word_1_167' title='bbox 216 2661 294 2725; x_wconf 75' lang='grc' dir='ltr'>ὡς</span> <span class='ocrx_word' id='word_1_168' title='bbox 327 2663 482 2717; x_wconf 71' lang='grc' dir='ltr'>οὐδὲν</span> <span class='ocrx_word' id='word_1_169' title='bbox 516 2663 742 2734; x_wconf 74' lang='grc' dir='ltr'>ἄμεινον</span> <span class='ocrx_word' id='word_1_170' title='bbox 775 2660 922 2735; x_wconf 76' lang='grc' dir='ltr'>εἶχον</span> <span class='ocrx_word' id='word_1_171' title='bbox 967 2668 1077 2721; x_wconf 81' lang='grc' dir='ltr'><strong>τῶν</strong></span> <span class='ocrx_word' id='word_1_172' title='bbox 1225 2712 1239 2726; x_wconf 92' lang='grc'><strong>.</strong></span> <span class='ocrx_word' id='word_1_173' title='bbox 1390 2712 1405 2727; x_wconf 94' lang='grc'><strong>.</strong></span> <span class='ocrx_word' id='word_1_174' title='bbox 1559 2677 1634 2744; x_wconf 82' lang='grc' dir='ltr'><strong>μὴ</strong></span> <span class='ocrx_word' id='word_1_175' title='bbox 1785 2717 1801 2733; x_wconf 92' lang='lat'><strong>.</strong></span> 
     </span>
    </p>
   </div>
   <div class='ocr_carea' id='block_1_28' title="bbox 534 2758 1801 2834">
    <p class='ocr_par' dir='ltr' id='par_1_28' title="bbox 534 2758 1801 2834">
     <span class='ocr_line' id='line_1_28' title="bbox 534 2758 1801 2834; baseline 0.01 -24"><span class='ocrx_word' id='word_1_176' title='bbox 534 2759 648 2811; x_wconf 81' lang='grc' dir='ltr'><strong>ἀλλ’</strong></span> <span class='ocrx_word' id='word_1_177' title='bbox 684 2758 776 2830; x_wconf 83' lang='grc' dir='ltr'><strong>ὅλη</strong></span> <span class='ocrx_word' id='word_1_178' title='bbox 818 2759 914 2812; x_wconf 74' lang='grc' dir='ltr'>τοῦ</span> <span class='ocrx_word' id='word_1_179' title='bbox 951 2761 1155 2826; x_wconf 79' lang='grc' dir='ltr'><strong>πάθους</strong></span> <span class='ocrx_word' id='word_1_180' title='bbox 1209 2764 1483 2833; x_wconf 77' lang='grc' dir='ltr'>ἐγεγόνειν</span> <span class='ocrx_word' id='word_1_181' title='bbox 1538 2768 1801 2834; x_wconf 78' lang='grc' dir='ltr'>ἐνταῦθα,</span> 
     </span>
    </p>
   </div>
   <div class='ocr_carea' id='block_1_29' title="bbox 697 2850 1810 2930">
    <p class='ocr_par' dir='ltr' id='par_1_29' title="bbox 697 2850 1810 2930">
     <span class='ocr_line' id='line_1_29' title="bbox 697 2850 1810 2930; baseline 0.008 -26"><span class='ocrx_word' id='word_1_182' title='bbox 697 2851 793 2904; x_wconf 76' lang='grc' dir='ltr'><strong>καὶ</strong></span> <span class='ocrx_word' id='word_1_183' title='bbox 831 2850 1152 2920; x_wconf 72' lang='grc' dir='ltr'>φιλοσοφίας</span> <span class='ocrx_word' id='word_1_184' title='bbox 1184 2856 1277 2907; x_wconf 75' lang='grc' dir='ltr'>καὶ</span> <span class='ocrx_word' id='word_1_185' title='bbox 1329 2855 1487 2925; x_wconf 75' lang='grc' dir='ltr'>λόγον</span> <span class='ocrx_word' id='word_1_186' title='bbox 1533 2875 1810 2930; x_wconf 80' lang='grc' dir='ltr'>καταφρο-</span> 
     </span>
    </p>
   </div>
   <div class='ocr_carea' id='block_1_30' title="bbox 937 2947 1808 3026">
    <p class='ocr_par' dir='ltr' id='par_1_30' title="bbox 937 2947 1808 3026">
     <span class='ocr_line' id='line_1_30' title="bbox 937 2947 1808 3026; baseline 0.011 -28"><span class='ocrx_word' id='word_1_187' title='bbox 937 2947 1251 3017; x_wconf 81' lang='grc' dir='ltr'>ὲπενούμην</span> <span class='ocrx_word' id='word_1_188' title='bbox 1279 2950 1409 3021; x_wconf 80' lang='grc' dir='ltr'>περὶ</span> <span class='ocrx_word' id='word_1_189' title='bbox 1457 2951 1549 3004; x_wconf 77' lang='grc' dir='ltr'><strong>τὸν</strong></span> <span class='ocrx_word' id='word_1_190' title='bbox 1594 2955 1808 3026; x_wconf 80' lang='grc' dir='ltr'>πατέρα</span> 
     </span>
    </p>
   </div>
   <div class='ocr_carea' id='block_1_31' title="bbox 1134 3041 1802 3117">
    <p class='ocr_par' dir='ltr' id='par_1_31' title="bbox 1134 3041 1802 3117">
     <span class='ocr_line' id='line_1_31' title="bbox 1134 3041 1802 3117; baseline 0.016 -24"><span class='ocrx_word' id='word_1_191' title='bbox 1134 3041 1229 3094; x_wconf 75' lang='grc' dir='ltr'><strong>καὶ</strong></span> <span class='ocrx_word' id='word_1_192' title='bbox 1264 3044 1359 3096; x_wconf 78' lang='grc' dir='ltr'>τοῦ</span> <span class='ocrx_word' id='word_1_193' title='bbox 1404 3047 1669 3117; x_wconf 71' lang='grc' dir='ltr'>οφνγμοῦ</span> <span class='ocrx_word' id='word_1_194' title='bbox 1699 3050 1802 3114; x_wconf 82' lang='grc' dir='ltr'>τὰς</span> 
     </span>
    </p>
   </div>
   <div class='ocr_carea' id='block_1_32' title="bbox 217 2943 463 3014">
    <p class='ocr_par' dir='ltr' id='par_1_32' title="bbox 217 2943 463 3014">
     <span class='ocr_line' id='line_1_32' title="bbox 217 2943 463 3014; baseline -0.008 -16"><span class='ocrx_word' id='word_1_195' title='bbox 217 2943 463 3014; x_wconf 76' lang='grc' dir='ltr'>νήσασα.</span> 
     </span>
    </p>
   </div>
   <div class='ocr_carea' id='block_1_33' title="bbox 219 3037 630 3109">
    <p class='ocr_par' dir='ltr' id='par_1_33' title="bbox 219 3037 630 3109">
     <span class='ocr_line' id='line_1_33' title="bbox 219 3037 630 3109; baseline 0 -19"><span class='ocrx_word' id='word_1_196' title='bbox 219 3040 323 3092; x_wconf 78' lang='grc' dir='ltr'>καὶ</span> <span class='ocrx_word' id='word_1_197' title='bbox 351 3039 447 3100; x_wconf 74' lang='grc' dir='ltr'><strong>τὰς</strong></span> <span class='ocrx_word' id='word_1_198' title='bbox 481 3037 630 3109; x_wconf 81' lang='grc' dir='ltr'>αὑτῷ</span> 
     </span>
    </p>
   </div>
   <div class='ocr_carea' id='block_1_34' title="bbox 218 3131 1806 3212">
    <p class='ocr_par' dir='ltr' id='par_1_34' title="bbox 218 3131 1806 3212">
     <span class='ocr_line' id='line_1_34' title="bbox 218 3131 1806 3212; baseline 0.007 -28"><span class='ocrx_word' id='word_1_199' title='bbox 218 3131 532 3201; x_wconf 82' lang='grc' dir='ltr'>κινήσεις⁶¹</span> <span class='ocrx_word' id='word_1_200' title='bbox 615 3172 629 3186; x_wconf 92' lang='grc'><strong>.</strong></span> <span class='ocrx_word' id='word_1_201' title='bbox 743 3169 757 3185; x_wconf 94' lang='grc'><strong>.</strong></span> <span class='ocrx_word' id='word_1_202' title='bbox 875 3171 889 3186; x_wconf 93' lang='grc'><strong>.</strong></span> <span class='ocrx_word' id='word_1_203' title='bbox 967 3132 1243 3204; x_wconf 84' lang='grc' dir='ltr'>ἀναπνοῆς</span> <span class='ocrx_word' id='word_1_204' title='bbox 1269 3137 1364 3189; x_wconf 81' lang='grc' dir='ltr'>τοῦ</span> <span class='ocrx_word' id='word_1_205' title='bbox 1399 3138 1806 3212; x_wconf 77' lang='grc' dir='ltr'>αὐτοκράτορος</span> 
     </span>
    </p>
   </div>
   <div class='ocr_carea' id='block_1_35' title="bbox 591 3224 1806 3304">
    <p class='ocr_par' dir='ltr' id='par_1_35' title="bbox 591 3224 1806 3304">
     <span class='ocr_line' id='line_1_35' title="bbox 591 3224 1806 3304; baseline 0.006 -24"><span class='ocrx_word' id='word_1_206' title='bbox 591 3224 963 3297; x_wconf 81' lang='grc' dir='ltr'>πραγμόνουν.</span> <span class='ocrx_word' id='word_1_207' title='bbox 1015 3224 1130 3279; x_wconf 87' lang='grc' dir='ltr'><strong>Νῦν</strong></span> <span class='ocrx_word' id='word_1_208' title='bbox 1173 3226 1230 3280; x_wconf 65' lang='grc' dir='ltr'><strong>δὲ</strong></span> <span class='ocrx_word' id='word_1_209' title='bbox 1276 3229 1407 3299; x_wconf 75' lang='grc' dir='ltr'>περὶ</span> <span class='ocrx_word' id='word_1_210' title='bbox 1439 3230 1540 3302; x_wconf 80' lang='grc' dir='ltr'><strong>τὴν</strong></span> <span class='ocrx_word' id='word_1_211' title='bbox 1590 3233 1806 3304; x_wconf 81' lang='grc' dir='ltr'>μητέρα</span> 
     </span>
    </p>
   </div>
   <div class='ocr_carea' id='block_1_36' title="bbox 214 3317 1800 3395">
    <p class='ocr_par' dir='ltr' id='par_1_36' title="bbox 214 3317 1800 3395">
     <span class='ocr_line' id='line_1_36' title="bbox 214 3317 1800 3395; baseline 0.003 -22"><span class='ocrx_word' id='word_1_212' title='bbox 214 3318 427 3389; x_wconf 79' lang='grc' dir='ltr'>ἀνεστρ</span> <span class='ocrx_word' id='word_1_213' title='bbox 551 3359 564 3372; x_wconf 93' lang='grc'><strong><em>.</em></strong></span> <span class='ocrx_word' id='word_1_214' title='bbox 679 3357 694 3372; x_wconf 95' lang='grc'><strong>.</strong></span> <span class='ocrx_word' id='word_1_215' title='bbox 823 3317 1156 3389; x_wconf 77' lang='grc' dir='ltr'>ἁνεκτώμην</span> <span class='ocrx_word' id='word_1_216' title='bbox 1192 3319 1363 3390; x_wconf 78' lang='grc' dir='ltr'>αὐτὴν</span> <span class='ocrx_word' id='word_1_217' title='bbox 1415 3323 1496 3386; x_wconf 76' lang='grc' dir='ltr'><strong>εἰς</strong></span> <span class='ocrx_word' id='word_1_218' title='bbox 1546 3323 1800 3395; x_wconf 84' lang='grc' dir='ltr'>δύναμιν.</span> 
     </span>
    </p>
   </div>
   <div class='ocr_carea' id='block_1_37' title="bbox 215 3409 1806 3488">
    <p class='ocr_par' dir='ltr' id='par_1_37' title="bbox 215 3409 1806 3488">
     <span class='ocr_line' id='line_1_37' title="bbox 215 3409 1806 3488; baseline 0.004 -23"><span class='ocrx_word' id='word_1_219' title='bbox 215 3412 294 3466; x_wconf 80' lang='grc' dir='ltr'><strong>ἀλ</strong></span> <span class='ocrx_word' id='word_1_220' title='bbox 367 3451 388 3467; x_wconf 90' lang='grc'><strong>.</strong></span> <span class='ocrx_word' id='word_1_221' title='bbox 473 3449 490 3466; x_wconf 91' lang='grc'><strong>.</strong></span> <span class='ocrx_word' id='word_1_222' title='bbox 565 3451 581 3467; x_wconf 94' lang='grc'><strong>.</strong></span> <span class='ocrx_word' id='word_1_223' title='bbox 656 3409 726 3463; x_wconf 75' lang='grc' dir='ltr'>τὰ</span> <span class='ocrx_word' id='word_1_224' title='bbox 793 3410 937 3480; x_wconf 80' lang='grc' dir='ltr'><strong>μέρη</strong></span> <span class='ocrx_word' id='word_1_225' title='bbox 1026 3411 1124 3463; x_wconf 75' lang='grc' dir='ltr'>καὶ</span> <span class='ocrx_word' id='word_1_226' title='bbox 1195 3413 1547 3467; x_wconf 82' lang='grc' dir='ltr'>παντάπασιν</span> <span class='ocrx_word' id='word_1_227' title='bbox 1599 3415 1806 3488; x_wconf 80' lang='grc' dir='ltr'>ἀθερά-</span> 
     </span>
    </p>
   </div>
   <div class='ocr_carea' id='block_1_38' title="bbox 215 3503 1806 3579">
    <p class='ocr_par' dir='ltr' id='par_1_38' title="bbox 215 3503 1806 3579">
     <span class='ocr_line' id='line_1_38' title="bbox 215 3503 1806 3579; baseline -0.006 -20"><span class='ocrx_word' id='word_1_228' title='bbox 215 3523 406 3560; x_wconf 82' lang='grc' dir='ltr'>πευτα</span> <span class='ocrx_word' id='word_1_229' title='bbox 482 3543 498 3559; x_wconf 91' lang='grc'><strong>.</strong></span> <span class='ocrx_word' id='word_1_230' title='bbox 575 3544 591 3560; x_wconf 94' lang='grc'><strong>.</strong></span> <span class='ocrx_word' id='word_1_231' title='bbox 669 3541 687 3560; x_wconf 89' lang='lat'><strong>.</strong></span> <span class='ocrx_word' id='word_1_232' title='bbox 763 3503 1178 3574; x_wconf 77' lang='grc' dir='ltr'>όαὺτοκράτωρ</span> <span class='ocrx_word' id='word_1_233' title='bbox 1202 3505 1616 3576; x_wconf 74' lang='grc' dir='ltr'>ἀναφέρειντῆς</span> <span class='ocrx_word' id='word_1_234' title='bbox 1641 3509 1806 3579; x_wconf 56' lang='lat' dir='ltr'><strong>taxa.</strong></span> 
     </span>
    </p>
   </div>
   <div class='ocr_carea' id='block_1_39' title="bbox 211 3593 1808 3671">
    <p class='ocr_par' dir='ltr' id='par_1_39' title="bbox 211 3593 1808 3671">
     <span class='ocr_line' id='line_1_39' title="bbox 211 3593 1808 3671; baseline 0.003 -19"><span class='ocrx_word' id='word_1_235' title='bbox 211 3615 325 3666; x_wconf 82' lang='grc' dir='ltr'>της</span> <span class='ocrx_word' id='word_1_236' title='bbox 365 3600 540 3653; x_wconf 79' lang='grc' dir='ltr'>λειο.</span> <span class='ocrx_word' id='word_1_237' title='bbox 623 3637 636 3653; x_wconf 93' lang='grc'><strong>.</strong></span> <span class='ocrx_word' id='word_1_238' title='bbox 719 3638 733 3654; x_wconf 93' lang='grc'><strong>.</strong></span> <span class='ocrx_word' id='word_1_239' title='bbox 813 3634 829 3652; x_wconf 90' lang='grc'><strong>.</strong></span> <span class='ocrx_word' id='word_1_240' title='bbox 911 3636 927 3650; x_wconf 95' lang='grc'><strong>.</strong></span> <span class='ocrx_word' id='word_1_241' title='bbox 1015 3593 1129 3668; x_wconf 70' lang='grc' dir='ltr'>εἶχε</span> <span class='ocrx_word' id='word_1_242' title='bbox 1176 3599 1404 3667; x_wconf 78' lang='grc' dir='ltr'>καὶτῆς</span> <span class='ocrx_word' id='word_1_243' title='bbox 1465 3599 1808 3671; x_wconf 82' lang='grc' dir='ltr'>’Λυγούστας</span> 
     </span>
    </p>
   </div>
   <div class='ocr_carea' id='block_1_40' title="bbox 211 3691 1804 3768">
    <p class='ocr_par' dir='ltr' id='par_1_40' title="bbox 211 3691 1804 3768">
     <span class='ocr_line' id='line_1_40' title="bbox 211 3691 1804 3768; baseline 0.004 -23"><span class='ocrx_word' id='word_1_244' title='bbox 211 3691 430 3762; x_wconf 73' lang='grc' dir='ltr'><strong>ἡψυχὴ</strong></span> <span class='ocrx_word' id='word_1_245' title='bbox 455 3709 589 3745; x_wconf 86' lang='grc' dir='ltr'>συνα</span> <span class='ocrx_word' id='word_1_246' title='bbox 667 3732 684 3749; x_wconf 91' lang='grc'><strong>.</strong></span> <span class='ocrx_word' id='word_1_247' title='bbox 760 3729 777 3746; x_wconf 90' lang='grc'><strong>.</strong></span> <span class='ocrx_word' id='word_1_248' title='bbox 858 3730 871 3745; x_wconf 90' lang='grc'><strong>.</strong></span> <span class='ocrx_word' id='word_1_249' title='bbox 953 3729 969 3746; x_wconf 90' lang='grc'><strong>.</strong></span> <span class='ocrx_word' id='word_1_250' title='bbox 1045 3692 1272 3762; x_wconf 76' lang='grc' dir='ltr'>πείγετο</span> <span class='ocrx_word' id='word_1_251' title='bbox 1302 3693 1382 3765; x_wconf 81' lang='grc' dir='ltr'>τῷ</span> <span class='ocrx_word' id='word_1_252' title='bbox 1409 3693 1804 3768; x_wconf 81' lang='grc' dir='ltr'>αὐτοκράτορι.</span> 
     </span>
    </p>
   </div>
   <div class='ocr_carea' id='block_1_41' title="bbox 212 3781 1809 3859">
    <p class='ocr_par' dir='ltr' id='par_1_41' title="bbox 212 3781 1809 3859">
     <span class='ocr_line' id='line_1_41' title="bbox 212 3781 1809 3859; baseline 0.003 -19"><span class='ocrx_word' id='word_1_253' title='bbox 212 3785 412 3849; x_wconf 77' lang='grc' dir='ltr'>Οὕτως</span> <span class='ocrx_word' id='word_1_254' title='bbox 445 3781 594 3856; x_wconf 76' lang='grc' dir='ltr'>εἶχον</span> <span class='ocrx_word' id='word_1_255' title='bbox 667 3826 683 3842; x_wconf 95' lang='grc'><strong>.</strong></span> <span class='ocrx_word' id='word_1_256' title='bbox 763 3825 778 3842; x_wconf 92' lang='grc'><strong>.</strong></span> <span class='ocrx_word' id='word_1_257' title='bbox 860 3823 876 3841; x_wconf 89' lang='grc'><strong>.</strong></span> <span class='ocrx_word' id='word_1_258' title='bbox 954 3825 970 3840; x_wconf 92' lang='grc'><strong>.</strong></span> <span class='ocrx_word' id='word_1_259' title='bbox 1049 3824 1064 3840; x_wconf 92' lang='grc'><strong>.</strong></span> <span class='ocrx_word' id='word_1_260' title='bbox 1144 3785 1241 3841; x_wconf 82' lang='grc' dir='ltr'>καὶ</span> <span class='ocrx_word' id='word_1_261' title='bbox 1283 3787 1360 3850; x_wconf 84' lang='grc' dir='ltr'>ὠς</span> <span class='ocrx_word' id='word_1_262' title='bbox 1393 3787 1613 3859; x_wconf 83' lang='grc' dir='ltr'><strong>ἀληθῶς</strong></span> <span class='ocrx_word' id='word_1_263' title='bbox 1645 3788 1809 3844; x_wconf 80' lang='grc' dir='ltr'>τοῦτο</span> 
     </span>
    </p>
   </div>
   <div class='ocr_carea' id='block_1_42' title="bbox 213 3878 1810 3954">
    <p class='ocr_par' dir='ltr' id='par_1_42' title="bbox 213 3878 1810 3954">
     <span class='ocr_line' id='line_1_42' title="bbox 213 3878 1810 3954; baseline 0.001 -20"><span class='ocrx_word' id='word_1_264' title='bbox 213 3881 286 3952; x_wconf 78' lang='grc' dir='ltr'><strong>δὴ</strong></span> <span class='ocrx_word' id='word_1_265' title='bbox 327 3879 386 3932; x_wconf 81' lang='grc' dir='ltr'>τὸ</span> <span class='ocrx_word' id='word_1_266' title='bbox 409 3878 754 3950; x_wconf 80' lang='grc' dir='ltr'>ψαλλόμενον</span> <span class='ocrx_word' id='word_1_267' title='bbox 831 3920 847 3936; x_wconf 93' lang='grc'><strong>.</strong></span> <span class='ocrx_word' id='word_1_268' title='bbox 927 3918 941 3934; x_wconf 92' lang='grc'><strong>.</strong></span> <span class='ocrx_word' id='word_1_269' title='bbox 1019 3920 1034 3935; x_wconf 93' lang='grc'><strong>.</strong></span> <span class='ocrx_word' id='word_1_270' title='bbox 1111 3878 1264 3944; x_wconf 75' lang='grc' dir='ltr'>τινες</span> <span class='ocrx_word' id='word_1_271' title='bbox 1303 3881 1541 3935; x_wconf 85' lang='grc' dir='ltr'>Θανάτου</span> <span class='ocrx_word' id='word_1_272' title='bbox 1569 3881 1632 3934; x_wconf 78' lang='grc' dir='ltr'><strong>τὸ</strong></span> <span class='ocrx_word' id='word_1_273' title='bbox 1659 3901 1810 3954; x_wconf 78' lang='grc' dir='ltr'>τηνι-</span> 
     </span>
    </p>
   </div>
   <div class='ocr_carea' id='block_1_43' title="bbox 213 3968 1808 4047">
    <p class='ocr_par' dir='ltr' id='par_1_43' title="bbox 213 3968 1808 4047">
     <span class='ocr_line' id='line_1_43' title="bbox 213 3968 1808 4047; baseline 0.003 -24"><span class='ocrx_word' id='word_1_274' title='bbox 213 3968 409 4024; x_wconf 78' lang='grc' dir='ltr'>καῦτα</span> <span class='ocrx_word' id='word_1_275' title='bbox 455 3970 604 4040; x_wconf 74' lang='grc' dir='ltr'>ἡμᾶς</span> <span class='ocrx_word' id='word_1_276' title='bbox 650 3987 787 4024; x_wconf 83' lang='grc' dir='ltr'>κατε</span> <span class='ocrx_word' id='word_1_277' title='bbox 865 4011 881 4025; x_wconf 94' lang='grc'><strong>.</strong></span> <span class='ocrx_word' id='word_1_278' title='bbox 959 4009 976 4026; x_wconf 93' lang='grc'><strong>.</strong></span> <span class='ocrx_word' id='word_1_279' title='bbox 1055 4009 1073 4026; x_wconf 89' lang='grc'><strong>.</strong></span> <span class='ocrx_word' id='word_1_280' title='bbox 1152 4010 1169 4027; x_wconf 93' lang='grc'><strong>.</strong></span> <span class='ocrx_word' id='word_1_281' title='bbox 1248 4009 1264 4026; x_wconf 88' lang='grc'><strong>.</strong></span> <span class='ocrx_word' id='word_1_282' title='bbox 1345 4012 1361 4028; x_wconf 93' lang='grc'><strong>.</strong></span> <span class='ocrx_word' id='word_1_283' title='bbox 1435 3973 1534 4027; x_wconf 78' lang='grc' dir='ltr'><strong>καὶ</strong></span> <span class='ocrx_word' id='word_1_284' title='bbox 1570 3973 1696 4027; x_wconf 78' lang='grc' dir='ltr'>τότε</span> <span class='ocrx_word' id='word_1_285' title='bbox 1740 3973 1808 4047; x_wconf 79' lang='grc' dir='ltr'><strong>δὴ</strong></span> 
     </span>
    </p>
   </div>
   <div class='ocr_carea' id='block_1_44' title="bbox 213 4061 1807 4138">
    <p class='ocr_par' dir='ltr' id='par_1_44' title="bbox 213 4061 1807 4138">
     <span class='ocr_line' id='line_1_44' title="bbox 213 4061 1807 4138; baseline 0.004 -23"><span class='ocrx_word' id='word_1_286' title='bbox 213 4061 482 4134; x_wconf 76' lang='grc' dir='ltr'>ᾐσθόμην</span> <span class='ocrx_word' id='word_1_287' title='bbox 525 4061 794 4132; x_wconf 77' lang='grc' dir='ltr'>ἐκφρονος</span> <span class='ocrx_word' id='word_1_288' title='bbox 839 4063 982 4134; x_wconf 81' lang='grc' dir='ltr'>ὲμαυ</span> <span class='ocrx_word' id='word_1_289' title='bbox 1058 4102 1074 4119; x_wconf 94' lang='grc'><strong>.</strong></span> <span class='ocrx_word' id='word_1_290' title='bbox 1154 4105 1170 4120; x_wconf 90' lang='grc'><strong>.</strong></span> <span class='ocrx_word' id='word_1_291' title='bbox 1249 4102 1266 4118; x_wconf 94' lang='grc'><strong>.</strong></span> <span class='ocrx_word' id='word_1_292' title='bbox 1339 4064 1644 4137; x_wconf 70' lang='grc' dir='ltr'>ἐμεμήνειν</span> <span class='ocrx_word' id='word_1_293' title='bbox 1694 4065 1807 4138; x_wconf 80' lang='grc' dir='ltr'><strong>γὰρ</strong></span> 
     </span>
    </p>
   </div>
   <div class='ocr_carea' id='block_1_45' title="bbox 219 4175 1807 4248">
    <p class='ocr_par' dir='ltr' id='par_1_45' title="bbox 219 4175 1807 4248">
     <span class='ocr_line' id='line_1_45' title="bbox 219 4175 1807 4248; baseline 0.004 -19"><span class='ocrx_word' id='word_1_294' title='bbox 219 4175 396 4248; x_wconf 81' lang='lat'><strong>503</strong></span> <span class='ocrx_word' id='word_1_295' title='bbox 437 4175 808 4232; x_wconf 87' lang='lat' dir='ltr'><strong>lnvalescebat</strong></span> <span class='ocrx_word' id='word_1_296' title='bbox 845 4177 1177 4248; x_wconf 76' lang='lat' dir='ltr'><strong>profectibus</strong></span> <span class='ocrx_word' id='word_1_297' title='bbox 1208 4193 1318 4234; x_wconf 89' lang='lat' dir='ltr'><strong>non</strong></span> <span class='ocrx_word' id='word_1_298' title='bbox 1362 4178 1526 4234; x_wconf 85' lang='lat' dir='ltr'><strong>lentis</strong></span> <span class='ocrx_word' id='word_1_299' title='bbox 1568 4180 1807 4236; x_wconf 76' lang='lat' dir='ltr'><strong>exitialis</strong></span> 
     </span>
    </p>
   </div>
   <div class='ocr_carea' id='block_1_46' title="bbox 216 4270 1810 4353">
    <p class='ocr_par' dir='ltr' id='par_1_46' title="bbox 216 4270 1810 4340">
     <span class='ocr_line' id='line_1_46' title="bbox 216 4270 1810 4340; baseline 0.002 -14"><span class='ocrx_word' id='word_1_300' title='bbox 216 4270 633 4334; x_wconf 84' lang='lat' dir='ltr'><strong>incuratarum,</strong></span> <span class='ocrx_word' id='word_1_301' title='bbox 694 4270 802 4326; x_wconf 90' lang='lat' dir='ltr'><strong>imo</strong></span> <span class='ocrx_word' id='word_1_302' title='bbox 869 4270 1270 4339; x_wconf 89' lang='lat' dir='ltr'><strong>incurabilium,</strong></span> <span class='ocrx_word' id='word_1_303' title='bbox 1335 4272 1567 4340; x_wconf 90' lang='lat' dir='ltr'><strong>partium</strong></span> <span class='ocrx_word' id='word_1_304' title='bbox 1628 4282 1810 4329; x_wconf 87' lang='lat' dir='ltr'><strong>tumor</strong></span> 
     </span>
    </p>
   </div>
   <div class='ocr_carea' id='block_1_47' title="bbox 117 4358 1810 4433">
    <p class='ocr_par' dir='ltr' id='par_1_47' title="bbox 117 4358 1810 4433">
     <span class='ocr_line' id='line_1_47' title="bbox 117 4358 1810 4433; baseline 0.004 -18"><span class='ocrx_word' id='word_1_305' title='bbox 117 4358 132 4364; x_wconf 55' lang='grc'><strong>’⁷</strong></span> <span class='ocrx_word' id='word_1_306' title='bbox 218 4361 536 4430; x_wconf 73' lang='lat' dir='ltr'><strong>dciorque;</strong></span> <span class='ocrx_word' id='word_1_307' title='bbox 577 4360 746 4431; x_wconf 80' lang='lat' dir='ltr'><strong>signis</strong></span> <span class='ocrx_word' id='word_1_308' title='bbox 798 4360 1068 4431; x_wconf 84' lang='lat' dir='ltr'><strong>ejusmodi</strong></span> <span class='ocrx_word' id='word_1_309' title='bbox 1109 4363 1282 4433; x_wconf 85' lang='lat' dir='ltr'><strong>palam</strong></span> <span class='ocrx_word' id='word_1_310' title='bbox 1307 4365 1652 4420; x_wconf 88' lang='lat' dir='ltr'><strong>exstantibus</strong></span> <span class='ocrx_word' id='word_1_311' title='bbox 1683 4382 1810 4422; x_wconf 85' lang='lat' dir='ltr'><strong>mox</strong></span> 
     </span>
    </p>
   </div>
   <div class='ocr_carea' id='block_1_48' title="bbox 213 4454 1810 4528">
    <p class='ocr_par' dir='ltr' id='par_1_48' title="bbox 213 4454 1810 4528">
     <span class='ocr_line' id='line_1_48' title="bbox 213 4454 1810 4528; baseline 0.003 -18"><span class='ocrx_word' id='word_1_312' title='bbox 213 4463 504 4510; x_wconf 78' lang='lat' dir='ltr'><strong>secutura:</strong></span> <span class='ocrx_word' id='word_1_313' title='bbox 536 4454 750 4520; x_wconf 87' lang='lat' dir='ltr'><strong>mortis,</strong></span> <span class='ocrx_word' id='word_1_314' title='bbox 786 4455 1139 4510; x_wconf 89' lang='lat' dir='ltr'><strong>utneminem</strong></span> <span class='ocrx_word' id='word_1_315' title='bbox 1177 4455 1335 4525; x_wconf 85' lang='lat' dir='ltr'><strong>plane</strong></span> <span class='ocrx_word' id='word_1_316' title='bbox 1357 4456 1648 4511; x_wconf 89' lang='lat' dir='ltr'><strong>astantimn</strong></span> <span class='ocrx_word' id='word_1_317' title='bbox 1681 4473 1810 4528; x_wconf 88' lang='lat' dir='ltr'><strong>pos-</strong></span> 
     </span>
    </p>
   </div>
   <div class='ocr_carea' id='block_1_49' title="bbox 1489 430 2236 508">
    <p class='ocr_par' dir='ltr' id='par_1_49' title="bbox 1489 430 2236 508">
     <span class='ocr_line' id='line_1_49' title="bbox 1489 430 2236 508; baseline 0.016 -17"><span class='ocrx_word' id='word_1_318' title='bbox 1489 430 1902 496; x_wconf 77' lang='lat' dir='ltr'><strong>ALEXIADIS</strong></span> <span class='ocrx_word' id='word_1_319' title='bbox 1934 435 2080 499; x_wconf 85' lang='lat' dir='ltr'><strong>LIB.</strong></span> <span class='ocrx_word' id='word_1_320' title='bbox 2126 441 2236 508; x_wconf 84' lang='lat' dir='ltr'><strong>XV.</strong></span> 
     </span>
    </p>
   </div>
   <div class='ocr_carea' id='block_1_50' title="bbox 1849 529 3494 637">
    <p class='ocr_par' dir='ltr' id='par_1_50' title="bbox 1849 559 3494 637">
     <span class='ocr_line' id='line_1_50' title="bbox 1849 559 3494 637; baseline 0.006 -21"><span class='ocrx_word' id='word_1_321' title='bbox 1849 559 1894 616; x_wconf 83' lang='grc' dir='ltr'><strong>Α</strong></span> <span class='ocrx_word' id='word_1_322' title='bbox 1925 560 2180 615; x_wconf 83' lang='lat' dir='ltr'><strong>cer-nebat</strong></span> <span class='ocrx_word' id='word_1_323' title='bbox 2215 576 2278 615; x_wconf 78' lang='lat' dir='ltr'><strong>ex</strong></span> <span class='ocrx_word' id='word_1_324' title='bbox 2312 563 2558 626; x_wconf 77' lang='lat' dir='ltr'><strong>adverso,</strong></span> <span class='ocrx_word' id='word_1_325' title='bbox 2593 565 2732 619; x_wconf 84' lang='lat' dir='ltr'><strong>hanc</strong></span> <span class='ocrx_word' id='word_1_326' title='bbox 2775 573 3111 622; x_wconf 77' lang='lat' dir='ltr'><strong>constantem</strong></span> <span class='ocrx_word' id='word_1_327' title='bbox 3147 566 3494 637; x_wconf 86' lang='lat' dir='ltr'><strong>virilemque,</strong></span> 
     </span>
    </p>
   </div>
   <div class='ocr_carea' id='block_1_51' title="bbox 3364 449 3497 517">
    <p class='ocr_par' dir='ltr' id='par_1_51' title="bbox 3364 449 3497 517">
     <span class='ocr_line' id='line_1_51' title="bbox 3364 449 3497 517; baseline -0.015 0"><span class='ocrx_word' id='word_1_328' title='bbox 3364 449 3497 517; x_wconf 74' lang='lat'><strong>1202</strong></span> 
     </span>
    </p>
   </div>
   <div class='ocr_carea' id='block_1_52' title="bbox 1915 654 3492 730">
    <p class='ocr_par' dir='ltr' id='par_1_52' title="bbox 1915 654 3492 730">
     <span class='ocr_line' id='line_1_52' title="bbox 1915 654 3492 730; baseline 0.008 -26"><span class='ocrx_word' id='word_1_329' title='bbox 1915 654 2126 705; x_wconf 81' lang='lat' dir='ltr'><strong>tametsi</strong></span> <span class='ocrx_word' id='word_1_330' title='bbox 2152 663 2502 722; x_wconf 80' lang='lat' dir='ltr'><strong>postremam,</strong></span> <span class='ocrx_word' id='word_1_331' title='bbox 2523 657 2941 712; x_wconf 81' lang='lat' dir='ltr'><strong>admonitionem</strong></span> <span class='ocrx_word' id='word_1_332' title='bbox 2961 658 3174 721; x_wconf 77' lang='lat' dir='ltr'><strong>direxit.</strong></span> <span class='ocrx_word' id='word_1_333' title='bbox 3194 657 3492 730; x_wconf 76' lang='lat' dir='ltr'><strong>Augustam</strong></span> 
     </span>
    </p>
   </div>
   <div class='ocr_carea' id='block_1_53' title="bbox 1913 743 3486 816">
    <p class='ocr_par' dir='ltr' id='par_1_53' title="bbox 1913 743 3486 816">
     <span class='ocr_line' id='line_1_53' title="bbox 1913 743 3486 816; baseline 0.007 -21"><span class='ocrx_word' id='word_1_334' title='bbox 1913 743 2249 809; x_wconf 75' lang='lat' dir='ltr'><strong>potissimum</strong></span> <span class='ocrx_word' id='word_1_335' title='bbox 2270 748 2572 813; x_wconf 77' lang='lat' dir='ltr'><strong>appellans:</strong></span> <span class='ocrx_word' id='word_1_336' title='bbox 2601 748 2740 812; x_wconf 84' lang='lat' dir='ltr'><strong>Quid</strong></span> <span class='ocrx_word' id='word_1_337' title='bbox 2772 759 2840 814; x_wconf 88' lang='lat' dir='ltr'><strong>te,</strong></span> <span class='ocrx_word' id='word_1_338' title='bbox 2861 751 3076 816; x_wconf 67' lang='lat' dir='ltr'><strong>misera,</strong></span> <span class='ocrx_word' id='word_1_339' title='bbox 3113 751 3173 804; x_wconf 84' lang='lat' dir='ltr'><strong>ob</strong></span> <span class='ocrx_word' id='word_1_340' title='bbox 3199 753 3486 807; x_wconf 84' lang='lat' dir='ltr'><strong>instantem</strong></span> 
     </span>
    </p>
   </div>
   <div class='ocr_carea' id='block_1_54' title="bbox 1911 832 3478 910">
    <p class='ocr_par' dir='ltr' id='par_1_54' title="bbox 1911 832 3478 910">
     <span class='ocr_line' id='line_1_54' title="bbox 1911 832 3478 910; baseline 0.006 -24"><span class='ocrx_word' id='word_1_341' title='bbox 1911 832 2068 901; x_wconf 85' lang='lat' dir='ltr'><strong>ﬁnem</strong></span> <span class='ocrx_word' id='word_1_342' title='bbox 2098 850 2267 888; x_wconf 88' lang='lat' dir='ltr'><strong>meum</strong></span> <span class='ocrx_word' id='word_1_343' title='bbox 2300 852 2514 890; x_wconf 75' lang='lat' dir='ltr'><strong>maerore</strong></span> <span class='ocrx_word' id='word_1_344' title='bbox 2547 838 2782 906; x_wconf 80' lang='lat' dir='ltr'><strong>conﬁcis,</strong></span> <span class='ocrx_word' id='word_1_345' title='bbox 2829 857 3008 910; x_wconf 86' lang='lat' dir='ltr'><strong>meque</strong></span> <span class='ocrx_word' id='word_1_346' title='bbox 3035 842 3207 910; x_wconf 84' lang='lat' dir='ltr'><strong>ipsum</strong></span> <span class='ocrx_word' id='word_1_347' title='bbox 3235 854 3478 898; x_wconf 85' lang='lat' dir='ltr'><strong>conster-</strong></span> 
     </span>
    </p>
   </div>
   <div class='ocr_carea' id='block_1_55' title="bbox 1911 923 3492 1003">
    <p class='ocr_par' dir='ltr' id='par_1_55' title="bbox 1911 923 3492 1003">
     <span class='ocr_line' id='line_1_55' title="bbox 1911 923 3492 1003; baseline 0.007 -27"><span class='ocrx_word' id='word_1_348' title='bbox 1911 923 2144 977; x_wconf 74' lang='lat' dir='ltr'><strong>nationis</strong></span> <span class='ocrx_word' id='word_1_349' title='bbox 2181 935 2286 979; x_wconf 71' lang='lat' dir='ltr'><strong>tuae</strong></span> <span class='ocrx_word' id='word_1_350' title='bbox 2317 935 2477 980; x_wconf 79' lang='lat' dir='ltr'><strong>tanta:</strong></span> <span class='ocrx_word' id='word_1_351' title='bbox 2509 937 2707 991; x_wconf 84' lang='lat' dir='ltr'><strong>testem,</strong></span> <span class='ocrx_word' id='word_1_352' title='bbox 2740 931 2875 982; x_wconf 83' lang='lat' dir='ltr'><strong>mori</strong></span> <span class='ocrx_word' id='word_1_353' title='bbox 2905 939 3027 984; x_wconf 88' lang='lat' dir='ltr'><strong>ante</strong></span> <span class='ocrx_word' id='word_1_354' title='bbox 3053 943 3272 985; x_wconf 86' lang='lat' dir='ltr'><strong>mortem</strong></span> <span class='ocrx_word' id='word_1_355' title='bbox 3297 935 3440 1003; x_wconf 86' lang='lat' dir='ltr'><strong>cogis</strong></span> <span class='ocrx_word' id='word_1_356' title='bbox 3465 935 3492 988; x_wconf 76' lang='lat'><strong>.’</strong></span> 
     </span>
    </p>
   </div>
   <div class='ocr_carea' id='block_1_56' title="bbox 1912 1015 3484 1094">
    <p class='ocr_par' dir='ltr' id='par_1_56' title="bbox 1912 1015 3484 1094">
     <span class='ocr_line' id='line_1_56' title="bbox 1912 1015 3484 1094; baseline 0.007 -24"><span class='ocrx_word' id='word_1_357' title='bbox 1912 1015 2184 1086; x_wconf 77' lang='lat' dir='ltr'><strong>Cogitares</strong></span> <span class='ocrx_word' id='word_1_358' title='bbox 2233 1027 2281 1073; x_wconf 85' lang='lat' dir='ltr'><strong>te</strong></span> <span class='ocrx_word' id='word_1_359' title='bbox 2324 1017 2494 1088; x_wconf 83' lang='lat' dir='ltr'><strong>ipsam</strong></span> <span class='ocrx_word' id='word_1_360' title='bbox 2544 1021 2752 1084; x_wconf 77' lang='lat' dir='ltr'><strong>saltent,</strong></span> <span class='ocrx_word' id='word_1_361' title='bbox 2803 1022 3088 1092; x_wconf 76' lang='lat' dir='ltr'><strong>futuraque</strong></span> <span class='ocrx_word' id='word_1_362' title='bbox 3139 1027 3484 1094; x_wconf 72' lang='lat' dir='ltr'><strong>prospiceres.</strong></span> 
     </span>
    </p>
   </div>
   <div class='ocr_carea' id='block_1_57' title="bbox 1915 1106 3486 1188">
    <p class='ocr_par' dir='ltr' id='par_1_57' title="bbox 1915 1106 3486 1188">
     <span class='ocr_line' id='line_1_57' title="bbox 1915 1106 3486 1188; baseline 0.006 -28"><span class='ocrx_word' id='word_1_363' title='bbox 1915 1106 2097 1162; x_wconf 78' lang='lat' dir='ltr'><strong>Facile</strong></span> <span class='ocrx_word' id='word_1_364' title='bbox 2133 1126 2367 1165; x_wconf 81' lang='lat' dir='ltr'><strong>cerneres</strong></span> <span class='ocrx_word' id='word_1_365' title='bbox 2395 1112 2753 1180; x_wconf 74' lang='lat' dir='ltr'><strong>imprudenter</strong></span> <span class='ocrx_word' id='word_1_366' title='bbox 2776 1121 2949 1184; x_wconf 68' lang='lat' dir='ltr'><strong>facere</strong></span> <span class='ocrx_word' id='word_1_367' title='bbox 2981 1124 3051 1181; x_wconf 88' lang='lat' dir='ltr'><strong>te,</strong></span> <span class='ocrx_word' id='word_1_368' title='bbox 3080 1133 3198 1188; x_wconf 75' lang='lat' dir='ltr'><strong>qua:</strong></span> <span class='ocrx_word' id='word_1_369' title='bbox 3223 1119 3296 1171; x_wconf 87' lang='lat' dir='ltr'><strong>ita</strong></span> <span class='ocrx_word' id='word_1_370' title='bbox 3317 1128 3486 1170; x_wconf 83' lang='lat' dir='ltr'><strong>totam</strong></span> 
     </span>
    </p>
   </div>
   <div class='ocr_carea' id='block_1_58' title="bbox 1911 1201 3487 1274">
    <p class='ocr_par' dir='ltr' id='par_1_58' title="bbox 1911 1201 3487 1274">
     <span class='ocr_line' id='line_1_58' title="bbox 1911 1201 3487 1274; baseline 0.007 -22"><span class='ocrx_word' id='word_1_371' title='bbox 1911 1201 2144 1254; x_wconf 85' lang='lat' dir='ltr'><strong>animam</strong></span> <span class='ocrx_word' id='word_1_372' title='bbox 2171 1202 2345 1255; x_wconf 83' lang='lat' dir='ltr'><strong>dolori</strong></span> <span class='ocrx_word' id='word_1_373' title='bbox 2375 1204 2561 1268; x_wconf 82' lang='lat' dir='ltr'><strong>dedas,</strong></span> <span class='ocrx_word' id='word_1_374' title='bbox 2585 1205 2822 1274; x_wconf 80' lang='lat' dir='ltr'><strong>uiresque</strong></span> <span class='ocrx_word' id='word_1_375' title='bbox 2853 1207 2922 1260; x_wconf 84' lang='lat' dir='ltr'><strong>ad</strong></span> <span class='ocrx_word' id='word_1_376' title='bbox 2946 1207 3222 1261; x_wconf 80' lang='lat' dir='ltr'><strong>toleranda</strong></span> <span class='ocrx_word' id='word_1_377' title='bbox 3254 1219 3487 1271; x_wconf 79' lang='lat' dir='ltr'><strong>postmo-</strong></span> 
     </span>
    </p>
   </div>
   <div class='ocr_carea' id='block_1_59' title="bbox 1911 1290 3483 1368">
    <p class='ocr_par' dir='ltr' id='par_1_59' title="bbox 1911 1290 3483 1368">
     <span class='ocr_line' id='line_1_59' title="bbox 1911 1290 3483 1368; baseline 0.008 -24"><span class='ocrx_word' id='word_1_378' title='bbox 1911 1290 2036 1345; x_wconf 85' lang='lat' dir='ltr'><strong>dum</strong></span> <span class='ocrx_word' id='word_1_379' title='bbox 2068 1295 2346 1349; x_wconf 83' lang='lat' dir='ltr'><strong>uiduitatis</strong></span> <span class='ocrx_word' id='word_1_380' title='bbox 2370 1296 2513 1349; x_wconf 85' lang='lat' dir='ltr'><strong>mala</strong></span> <span class='ocrx_word' id='word_1_381' title='bbox 2543 1300 2826 1353; x_wconf 79' lang='lat' dir='ltr'><strong>servandas</strong></span> <span class='ocrx_word' id='word_1_382' title='bbox 2860 1310 3180 1368; x_wconf 73' lang='lat' dir='ltr'><strong>praemature</strong></span> <span class='ocrx_word' id='word_1_383' title='bbox 3208 1303 3483 1356; x_wconf 68' lang='lat' dir='ltr'><strong>universas</strong></span> 
     </span>
    </p>
   </div>
   <div class='ocr_carea' id='block_1_60' title="bbox 1913 1387 3486 1456">
    <p class='ocr_par' dir='ltr' id='par_1_60' title="bbox 1913 1387 3486 1456">
     <span class='ocr_line' id='line_1_60' title="bbox 1913 1387 3486 1456; baseline 0.008 -21"><span class='ocrx_word' id='word_1_384' title='bbox 1913 1387 2182 1455; x_wconf 81' lang='lat' dir='ltr'><strong>proﬂiges,</strong></span> <span class='ocrx_word' id='word_1_385' title='bbox 2233 1395 2289 1439; x_wconf 89' lang='lat' dir='ltr'><strong>ut</strong></span> <span class='ocrx_word' id='word_1_386' title='bbox 2330 1387 2623 1456; x_wconf 82' lang='lat' dir='ltr'><strong>periculum</strong></span> <span class='ocrx_word' id='word_1_387' title='bbox 2662 1390 2729 1443; x_wconf 82' lang='lat' dir='ltr'><strong>sit</strong></span> <span class='ocrx_word' id='word_1_388' title='bbox 2762 1405 2823 1442; x_wconf 88' lang='lat' dir='ltr'><strong>ne</strong></span> <span class='ocrx_word' id='word_1_389' title='bbox 2855 1391 3248 1446; x_wconf 78' lang='lat' dir='ltr'><strong>imminentibus</strong></span> <span class='ocrx_word' id='word_1_390' title='bbox 3296 1393 3486 1447; x_wconf 84' lang='lat' dir='ltr'><strong>deinde</strong></span> 
     </span>
    </p>
   </div>
   <div class='ocr_carea' id='block_1_61' title="bbox 1911 1473 3490 1552">
    <p class='ocr_par' dir='ltr' id='par_1_61' title="bbox 1911 1473 3490 1552">
     <span class='ocr_line' id='line_1_61' title="bbox 1911 1473 3490 1552; baseline 0.006 -25"><span class='ocrx_word' id='word_1_391' title='bbox 1911 1473 2180 1530; x_wconf 77' lang='lat' dir='ltr'><strong>laboribus</strong></span> <span class='ocrx_word' id='word_1_392' title='bbox 2229 1477 2401 1546; x_wconf 88' lang='lat' dir='ltr'><strong>impar</strong></span> <span class='ocrx_word' id='word_1_393' title='bbox 2430 1477 2661 1547; x_wconf 80' lang='lat' dir='ltr'><strong>ferendis</strong></span> <span class='ocrx_word' id='word_1_394' title='bbox 2695 1481 2789 1534; x_wconf 83' lang='lat' dir='ltr'><strong>sis.</strong></span> <span class='ocrx_word' id='word_1_395' title='bbox 2831 1479 2955 1535; x_wconf 75' lang='lat' dir='ltr'><strong>Haec</strong></span> <span class='ocrx_word' id='word_1_396' title='bbox 2994 1481 3084 1537; x_wconf 89' lang='lat' dir='ltr'><strong>ille</strong></span> <span class='ocrx_word' id='word_1_397' title='bbox 3130 1482 3347 1552; x_wconf 86' lang='lat' dir='ltr'><strong>quidem</strong></span> <span class='ocrx_word' id='word_1_398' title='bbox 3392 1486 3490 1537; x_wconf 82' lang='lat' dir='ltr'><strong>ad-</strong></span> 
     </span>
    </p>
   </div>
   <div class='ocr_carea' id='block_1_62' title="bbox 1912 1567 3484 1642">
    <p class='ocr_par' dir='ltr' id='par_1_62' title="bbox 1912 1567 3484 1642">
     <span class='ocr_line' id='line_1_62' title="bbox 1912 1567 3484 1642; baseline 0.005 -20"><span class='ocrx_word' id='word_1_399' title='bbox 1912 1568 2168 1622; x_wconf 88' lang='lat' dir='ltr'><strong>monebat</strong></span> <span class='ocrx_word' id='word_1_400' title='bbox 2212 1567 2264 1622; x_wconf 92' lang='lat' dir='ltr'><strong>in</strong></span> <span class='ocrx_word' id='word_1_401' title='bbox 2321 1579 2604 1638; x_wconf 88' lang='lat' dir='ltr'><strong>tempore;</strong></span> <span class='ocrx_word' id='word_1_402' title='bbox 2637 1581 2895 1626; x_wconf 69' lang='lat' dir='ltr'><strong>caeterum</strong></span> <span class='ocrx_word' id='word_1_403' title='bbox 2949 1572 3078 1626; x_wconf 89' lang='lat' dir='ltr'><strong>illud</strong></span> <span class='ocrx_word' id='word_1_404' title='bbox 3116 1573 3290 1642; x_wconf 87' lang='lat' dir='ltr'><strong>ipsum</strong></span> <span class='ocrx_word' id='word_1_405' title='bbox 3349 1578 3484 1630; x_wconf 86' lang='lat' dir='ltr'><strong>tanti</strong></span> 
     </span>
    </p>
   </div>
   <div class='ocr_carea' id='block_1_63' title="bbox 1907 1659 3481 1733">
    <p class='ocr_par' dir='ltr' id='par_1_63' title="bbox 1907 1659 3481 1733">
     <span class='ocr_line' id='line_1_63' title="bbox 1907 1659 3481 1733; baseline 0.006 -21"><span class='ocrx_word' id='word_1_406' title='bbox 1907 1659 2096 1729; x_wconf 84' lang='lat' dir='ltr'><strong>judicii</strong></span> <span class='ocrx_word' id='word_1_407' title='bbox 2132 1668 2402 1729; x_wconf 74' lang='lat' dir='ltr'><strong>tantmque</strong></span> <span class='ocrx_word' id='word_1_408' title='bbox 2427 1661 2712 1718; x_wconf 81' lang='lat' dir='ltr'><strong>charitatis</strong></span> <span class='ocrx_word' id='word_1_409' title='bbox 2745 1664 2835 1718; x_wconf 88' lang='lat' dir='ltr'><strong>tali</strong></span> <span class='ocrx_word' id='word_1_410' title='bbox 2868 1665 3157 1720; x_wconf 86' lang='lat' dir='ltr'><strong>occasione</strong></span> <span class='ocrx_word' id='word_1_411' title='bbox 3207 1667 3481 1733; x_wconf 84' lang='lat' dir='ltr'><strong>specimen</strong></span> 
     </span>
    </p>
   </div>
   <div class='ocr_carea' id='block_1_64' title="bbox 1910 1752 3487 1828">
    <p class='ocr_par' dir='ltr' id='par_1_64' title="bbox 1910 1752 3487 1828">
     <span class='ocr_line' id='line_1_64' title="bbox 1910 1752 3487 1828; baseline 0.004 -22"><span class='ocrx_word' id='word_1_412' title='bbox 1910 1752 2136 1816; x_wconf 90' lang='lat' dir='ltr'><strong>editum,</strong></span> <span class='ocrx_word' id='word_1_413' title='bbox 2169 1768 2276 1823; x_wconf 90' lang='lat' dir='ltr'><strong>quo</strong></span> <span class='ocrx_word' id='word_1_414' title='bbox 2307 1755 2479 1822; x_wconf 80' lang='lat' dir='ltr'><strong>magis</strong></span> <span class='ocrx_word' id='word_1_415' title='bbox 2509 1770 2567 1810; x_wconf 92' lang='lat' dir='ltr'><strong>se</strong></span> <span class='ocrx_word' id='word_1_416' title='bbox 2606 1754 2947 1825; x_wconf 84' lang='lat' dir='ltr'><strong>probandum</strong></span> <span class='ocrx_word' id='word_1_417' title='bbox 2996 1758 3487 1828; x_wconf 79' lang='lat' dir='ltr'><strong>admirandamque</strong></span> 
     </span>
    </p>
   </div>
   <div class='ocr_carea' id='block_1_65' title="bbox 1911 1842 3484 1920">
    <p class='ocr_par' dir='ltr' id='par_1_65' title="bbox 1911 1842 3484 1920">
     <span class='ocr_line' id='line_1_65' title="bbox 1911 1842 3484 1920; baseline 0.003 -22"><span class='ocrx_word' id='word_1_418' title='bbox 1911 1842 2188 1909; x_wconf 71' lang='lat' dir='ltr'><strong>offerebat,</strong></span> <span class='ocrx_word' id='word_1_419' title='bbox 2233 1861 2299 1900; x_wconf 84' lang='lat' dir='ltr'><strong>eo</strong></span> <span class='ocrx_word' id='word_1_420' title='bbox 2343 1847 2641 1917; x_wconf 79' lang='lat' dir='ltr'><strong>augebatur</strong></span> <span class='ocrx_word' id='word_1_421' title='bbox 2695 1848 2962 1904; x_wconf 81' lang='lat' dir='ltr'><strong>intensius</strong></span> <span class='ocrx_word' id='word_1_422' title='bbox 3008 1851 3260 1920; x_wconf 69' lang='lat' dir='ltr'><strong>Augusta:</strong></span> <span class='ocrx_word' id='word_1_423' title='bbox 3299 1851 3484 1912; x_wconf 85' lang='lat' dir='ltr'><strong>dolor,</strong></span> 
     </span>
    </p>
   </div>
   <div class='ocr_carea' id='block_1_66' title="bbox 1907 1935 3484 2010">
    <p class='ocr_par' dir='ltr' id='par_1_66' title="bbox 1907 1935 3484 2010">
     <span class='ocr_line' id='line_1_66' title="bbox 1907 1935 3484 2010; baseline 0.004 -21"><span class='ocrx_word' id='word_1_424' title='bbox 1907 1935 2090 1996; x_wconf 82' lang='lat' dir='ltr'><strong>velex</strong></span> <span class='ocrx_word' id='word_1_425' title='bbox 2124 1936 2226 1991; x_wconf 89' lang='lat' dir='ltr'><strong>ista</strong></span> <span class='ocrx_word' id='word_1_426' title='bbox 2261 1951 2514 2006; x_wconf 87' lang='lat' dir='ltr'><strong>suprema</strong></span> <span class='ocrx_word' id='word_1_427' title='bbox 2549 1940 2977 1995; x_wconf 85' lang='lat' dir='ltr'><strong>commonitione</strong></span> <span class='ocrx_word' id='word_1_428' title='bbox 3007 1943 3314 2009; x_wconf 71' lang='lat' dir='ltr'><strong>sentientis,</strong></span> <span class='ocrx_word' id='word_1_429' title='bbox 3343 1957 3484 2010; x_wconf 86' lang='lat' dir='ltr'><strong>qua-</strong></span> 
     </span>
    </p>
   </div>
   <div class='ocr_carea' id='block_1_67' title="bbox 1908 2027 3482 2103">
    <p class='ocr_par' dir='ltr' id='par_1_67' title="bbox 1908 2027 3482 2103">
     <span class='ocr_line' id='line_1_67' title="bbox 1908 2027 3482 2103; baseline 0.006 -21"><span class='ocrx_word' id='word_1_430' title='bbox 1908 2027 2012 2083; x_wconf 90' lang='lat' dir='ltr'><strong>lem</strong></span> <span class='ocrx_word' id='word_1_431' title='bbox 2042 2029 2217 2084; x_wconf 86' lang='lat' dir='ltr'><strong>virum</strong></span> <span class='ocrx_word' id='word_1_432' title='bbox 2247 2031 2515 2099; x_wconf 86' lang='lat' dir='ltr'><strong>perderet.</strong></span> <span class='ocrx_word' id='word_1_433' title='bbox 2544 2031 2670 2085; x_wconf 80' lang='lat' dir='ltr'><strong>Mihi</strong></span> <span class='ocrx_word' id='word_1_434' title='bbox 2711 2047 2874 2103; x_wconf 90' lang='lat' dir='ltr'><strong>porro</strong></span> <span class='ocrx_word' id='word_1_435' title='bbox 2907 2034 3050 2089; x_wconf 89' lang='lat' dir='ltr'><strong>inter</strong></span> <span class='ocrx_word' id='word_1_436' title='bbox 3074 2035 3263 2090; x_wconf 88' lang='lat' dir='ltr'><strong>matris</strong></span> <span class='ocrx_word' id='word_1_437' title='bbox 3288 2035 3482 2092; x_wconf 84' lang='lat' dir='ltr'><strong>dolore</strong></span> 
     </span>
    </p>
   </div>
   <div class='ocr_carea' id='block_1_68' title="bbox 1907 2125 3478 2203">
    <p class='ocr_par' dir='ltr' id='par_1_68' title="bbox 1907 2125 3478 2203">
     <span class='ocr_line' id='line_1_68' title="bbox 1907 2125 3478 2203; baseline 0.003 -23"><span class='ocrx_word' id='word_1_438' title='bbox 1907 2125 2329 2192; x_wconf 79' lang='lat' dir='ltr'><strong>extabescentis,</strong></span> <span class='ocrx_word' id='word_1_439' title='bbox 2363 2127 2534 2195; x_wconf 79' lang='lat' dir='ltr'><strong>patris</strong></span> <span class='ocrx_word' id='word_1_440' title='bbox 2562 2138 2868 2185; x_wconf 86' lang='lat' dir='ltr'><strong>extremum</strong></span> <span class='ocrx_word' id='word_1_441' title='bbox 2907 2131 3154 2200; x_wconf 82' lang='lat' dir='ltr'><strong>spiritum</strong></span> <span class='ocrx_word' id='word_1_442' title='bbox 3187 2147 3332 2203; x_wconf 71' lang='lat' dir='ltr'><strong>aegre</strong></span> <span class='ocrx_word' id='word_1_443' title='bbox 3366 2141 3478 2185; x_wconf 90' lang='lat' dir='ltr'><strong>tra-</strong></span> 
     </span>
    </p>
   </div>
   <div class='ocr_carea' id='block_1_69' title="bbox 1907 2216 3471 2294">
    <p class='ocr_par' dir='ltr' id='par_1_69' title="bbox 1907 2216 3471 2294">
     <span class='ocr_line' id='line_1_69' title="bbox 1907 2216 3471 2294; baseline 0.004 -24"><span class='ocrx_word' id='word_1_444' title='bbox 1907 2216 2124 2280; x_wconf 87' lang='lat' dir='ltr'><strong>hentis,</strong></span> <span class='ocrx_word' id='word_1_445' title='bbox 2173 2217 2482 2274; x_wconf 88' lang='lat' dir='ltr'><strong>tristissima</strong></span> <span class='ocrx_word' id='word_1_446' title='bbox 2533 2221 2840 2290; x_wconf 86' lang='lat' dir='ltr'><strong>spectacula</strong></span> <span class='ocrx_word' id='word_1_447' title='bbox 2907 2231 3018 2277; x_wconf 89' lang='lat' dir='ltr'><strong>tum</strong></span> <span class='ocrx_word' id='word_1_448' title='bbox 3069 2223 3282 2288; x_wconf 74' lang='lat' dir='ltr'><strong>medim,</strong></span> <span class='ocrx_word' id='word_1_449' title='bbox 3339 2224 3471 2294; x_wconf 67' lang='lat' dir='ltr'><strong>quid</strong></span> 
     </span>
    </p>
   </div>
   <div class='ocr_carea' id='block_1_70' title="bbox 1907 2310 3482 2386">
    <p class='ocr_par' dir='ltr' id='par_1_70' title="bbox 1907 2310 3482 2386">
     <span class='ocr_line' id='line_1_70' title="bbox 1907 2310 3482 2386; baseline 0.004 -22"><span class='ocrx_word' id='word_1_450' title='bbox 1907 2310 2072 2364; x_wconf 89' lang='lat' dir='ltr'><strong>animi</strong></span> <span class='ocrx_word' id='word_1_451' title='bbox 2107 2311 2289 2376; x_wconf 82' lang='lat' dir='ltr'><strong>fuerit,</strong></span> <span class='ocrx_word' id='word_1_452' title='bbox 2327 2325 2658 2384; x_wconf 86' lang='lat' dir='ltr'><strong>usurparunt</strong></span> <span class='ocrx_word' id='word_1_453' title='bbox 2692 2325 2984 2386; x_wconf 66' lang='lat' dir='ltr'><strong>praesentes</strong></span> <span class='ocrx_word' id='word_1_454' title='bbox 3018 2316 3191 2372; x_wconf 88' lang='lat' dir='ltr'><strong>oculis</strong></span> <span class='ocrx_word' id='word_1_455' title='bbox 3217 2317 3308 2386; x_wconf 89' lang='lat' dir='ltr'><strong>qui</strong></span> <span class='ocrx_word' id='word_1_456' title='bbox 3353 2326 3482 2370; x_wconf 87' lang='lat' dir='ltr'><strong>tunc</strong></span> 
     </span>
    </p>
   </div>
   <div class='ocr_carea' id='block_1_71' title="bbox 1909 2405 3491 2479">
    <p class='ocr_par' dir='ltr' id='par_1_71' title="bbox 1909 2405 3491 2479">
     <span class='ocr_line' id='line_1_71' title="bbox 1909 2405 3491 2479; baseline 0.004 -21"><span class='ocrx_word' id='word_1_457' title='bbox 1909 2405 2068 2458; x_wconf 81' lang='lat' dir='ltr'><strong>amici</strong></span> <span class='ocrx_word' id='word_1_458' title='bbox 2097 2405 2340 2460; x_wconf 80' lang='lat' dir='ltr'><strong>adfuere.</strong></span> <span class='ocrx_word' id='word_1_459' title='bbox 2377 2406 2584 2463; x_wconf 84' lang='lat' dir='ltr'><strong>Posteri</strong></span> <span class='ocrx_word' id='word_1_460' title='bbox 2625 2417 2679 2462; x_wconf 89' lang='lat' dir='ltr'><strong>et</strong></span> <span class='ocrx_word' id='word_1_461' title='bbox 2724 2410 3035 2479; x_wconf 87' lang='lat' dir='ltr'><strong>quicunque</strong></span> <span class='ocrx_word' id='word_1_462' title='bbox 3072 2410 3127 2464; x_wconf 92' lang='lat' dir='ltr'><strong>in</strong></span> <span class='ocrx_word' id='word_1_463' title='bbox 3158 2411 3302 2464; x_wconf 90' lang='lat' dir='ltr'><strong>hunc</strong></span> <span class='ocrx_word' id='word_1_464' title='bbox 3339 2425 3491 2466; x_wconf 88' lang='lat' dir='ltr'><strong>com-</strong></span> 
     </span>
    </p>
   </div>
   <div class='ocr_carea' id='block_1_72' title="bbox 1908 2496 3488 2564">
    <p class='ocr_par' dir='ltr' id='par_1_72' title="bbox 1908 2496 3488 2564">
     <span class='ocr_line' id='line_1_72' title="bbox 1908 2496 3488 2564; baseline 0.004 -16"><span class='ocrx_word' id='word_1_465' title='bbox 1908 2496 2233 2549; x_wconf 87' lang='lat' dir='ltr'><strong>mentarium</strong></span> <span class='ocrx_word' id='word_1_466' title='bbox 2268 2496 2500 2552; x_wconf 84' lang='lat' dir='ltr'><strong>lcetores</strong></span> <span class='ocrx_word' id='word_1_467' title='bbox 2523 2497 2784 2564; x_wconf 87' lang='lat' dir='ltr'><strong>incident,</strong></span> <span class='ocrx_word' id='word_1_468' title='bbox 2812 2501 3035 2555; x_wconf 84' lang='lat' dir='ltr'><strong>credant</strong></span> <span class='ocrx_word' id='word_1_469' title='bbox 3056 2515 3189 2555; x_wconf 87' lang='lat' dir='ltr'><strong>sane</strong></span> <span class='ocrx_word' id='word_1_470' title='bbox 3210 2501 3488 2556; x_wconf 79' lang='lat' dir='ltr'><strong>conﬁtenti</strong></span> 
     </span>
    </p>
   </div>
   <div class='ocr_carea' id='block_1_73' title="bbox 1907 2586 3488 2662">
    <p class='ocr_par' dir='ltr' id='par_1_73' title="bbox 1907 2586 3488 2662">
     <span class='ocr_line' id='line_1_73' title="bbox 1907 2586 3488 2662; baseline 0.004 -21"><span class='ocrx_word' id='word_1_471' title='bbox 1907 2586 1976 2642; x_wconf 90' lang='lat' dir='ltr'><strong>de</strong></span> <span class='ocrx_word' id='word_1_472' title='bbox 2004 2602 2084 2656; x_wconf 77' lang='lat' dir='ltr'><strong>se,</strong></span> <span class='ocrx_word' id='word_1_473' title='bbox 2142 2589 2415 2659; x_wconf 87' lang='lat' dir='ltr'><strong>Deumque</strong></span> <span class='ocrx_word' id='word_1_474' title='bbox 2485 2600 2672 2646; x_wconf 87' lang='lat' dir='ltr'><strong>testem</strong></span> <span class='ocrx_word' id='word_1_475' title='bbox 2724 2593 2999 2662; x_wconf 86' lang='lat' dir='ltr'><strong>appellare</strong></span> <span class='ocrx_word' id='word_1_476' title='bbox 3049 2609 3154 2650; x_wconf 89' lang='lat' dir='ltr'><strong>non</strong></span> <span class='ocrx_word' id='word_1_477' title='bbox 3219 2595 3427 2650; x_wconf 77' lang='lat' dir='ltr'><strong>verenti</strong></span> <span class='ocrx_word' id='word_1_478' title='bbox 3471 2633 3488 2659; x_wconf 95' lang='lat'><strong>,</strong></span> 
     </span>
    </p>
   </div>
   <div class='ocr_carea' id='block_1_74' title="bbox 1908 2685 3488 2754">
    <p class='ocr_par' dir='ltr' id='par_1_74' title="bbox 1908 2685 3488 2754">
     <span class='ocr_line' id='line_1_74' title="bbox 1908 2685 3488 2754; baseline 0.004 -19"><span class='ocrx_word' id='word_1_479' title='bbox 1908 2691 2154 2736; x_wconf 78' lang='lat' dir='ltr'><strong>extremo</strong></span> <span class='ocrx_word' id='word_1_480' title='bbox 2205 2698 2290 2737; x_wconf 91' lang='lat' dir='ltr'><strong>me</strong></span> <span class='ocrx_word' id='word_1_481' title='bbox 2341 2698 2462 2738; x_wconf 86' lang='lat' dir='ltr'><strong>cum</strong></span> <span class='ocrx_word' id='word_1_482' title='bbox 2517 2699 2754 2740; x_wconf 67' lang='lat' dir='ltr'><strong>mmrore</strong></span> <span class='ocrx_word' id='word_1_483' title='bbox 2785 2685 3171 2754; x_wconf 84' lang='lat' dir='ltr'><strong>conﬂictatam,</strong></span> <span class='ocrx_word' id='word_1_484' title='bbox 3207 2686 3488 2754; x_wconf 83' lang='lat' dir='ltr'><strong>nihiloque</strong></span> 
     </span>
    </p>
   </div>
   <div class='ocr_carea' id='block_1_75' title="bbox 1909 2772 3474 2848">
    <p class='ocr_par' dir='ltr' id='par_1_75' title="bbox 1909 2772 3474 2848">
     <span class='ocr_line' id='line_1_75' title="bbox 1909 2772 3474 2848; baseline 0.005 -22"><span class='ocrx_word' id='word_1_485' title='bbox 1909 2772 2154 2828; x_wconf 69' lang='lat' dir='ltr'><strong>adactam</strong></span> <span class='ocrx_word' id='word_1_486' title='bbox 2194 2775 2390 2838; x_wconf 86' lang='lat' dir='ltr'><strong>levius,</strong></span> <span class='ocrx_word' id='word_1_487' title='bbox 2420 2789 2580 2842; x_wconf 88' lang='lat' dir='ltr'><strong>quam</strong></span> <span class='ocrx_word' id='word_1_488' title='bbox 2611 2777 2804 2844; x_wconf 81' lang='lat' dir='ltr'><strong>quibus</strong></span> <span class='ocrx_word' id='word_1_489' title='bbox 2838 2777 3114 2831; x_wconf 86' lang='lat' dir='ltr'><strong>horribilis</strong></span> <span class='ocrx_word' id='word_1_490' title='bbox 3150 2794 3274 2834; x_wconf 83' lang='lat' dir='ltr'><strong>mox</strong></span> <span class='ocrx_word' id='word_1_491' title='bbox 3306 2794 3474 2848; x_wconf 83' lang='lat' dir='ltr'><strong>oppe-</strong></span> 
     </span>
    </p>
   </div>
   <div class='ocr_carea' id='block_1_76' title="bbox 1911 2862 3487 2938">
    <p class='ocr_par' dir='ltr' id='par_1_76' title="bbox 1911 2862 3487 2938">
     <span class='ocr_line' id='line_1_76' title="bbox 1911 2862 3487 2938; baseline 0.003 -21"><span class='ocrx_word' id='word_1_492' title='bbox 1911 2862 2084 2917; x_wconf 65' lang='lat' dir='ltr'><strong>tenda:</strong></span> <span class='ocrx_word' id='word_1_493' title='bbox 2116 2865 2308 2918; x_wconf 87' lang='lat' dir='ltr'><strong>mortis</strong></span> <span class='ocrx_word' id='word_1_494' title='bbox 2347 2865 2603 2934; x_wconf 73' lang='lat' dir='ltr'><strong>obiicitur</strong></span> <span class='ocrx_word' id='word_1_495' title='bbox 2633 2865 2818 2929; x_wconf 82' lang='lat' dir='ltr'><strong>facies,</strong></span> <span class='ocrx_word' id='word_1_496' title='bbox 2847 2867 2984 2922; x_wconf 88' lang='lat' dir='ltr'><strong>adeo</strong></span> <span class='ocrx_word' id='word_1_497' title='bbox 3033 2876 3198 2924; x_wconf 89' lang='lat' dir='ltr'><strong>totam</strong></span> <span class='ocrx_word' id='word_1_498' title='bbox 3245 2868 3487 2938; x_wconf 85' lang='lat' dir='ltr'><strong>undique</strong></span> 
     </span>
    </p>
   </div>
   <div class='ocr_carea' id='block_1_77' title="bbox 1908 2955 3480 3028">
    <p class='ocr_par' dir='ltr' id='par_1_77' title="bbox 1908 2955 3480 3028">
     <span class='ocr_line' id='line_1_77' title="bbox 1908 2955 3480 3028; baseline 0.004 -21"><span class='ocrx_word' id='word_1_499' title='bbox 1908 2955 2394 3024; x_wconf 86' lang='lat' dir='ltr'><strong>comprehenderat</strong></span> <span class='ocrx_word' id='word_1_500' title='bbox 2450 2957 2721 3027; x_wconf 87' lang='lat' dir='ltr'><strong>planeque</strong></span> <span class='ocrx_word' id='word_1_501' title='bbox 2768 2958 3049 3013; x_wconf 87' lang='lat' dir='ltr'><strong>obtinebat</strong></span> <span class='ocrx_word' id='word_1_502' title='bbox 3099 2959 3480 3028; x_wconf 84' lang='lat' dir='ltr'><strong>perturbatio,</strong></span> 
     </span>
    </p>
   </div>
   <div class='ocr_carea' id='block_1_78' title="bbox 1909 3046 3478 3120">
    <p class='ocr_par' dir='ltr' id='par_1_78' title="bbox 1909 3046 3478 3120">
     <span class='ocr_line' id='line_1_78' title="bbox 1909 3046 3478 3120; baseline 0.005 -20"><span class='ocrx_word' id='word_1_503' title='bbox 1909 3046 2134 3103; x_wconf 84' lang='lat' dir='ltr'><strong>rationis</strong></span> <span class='ocrx_word' id='word_1_504' title='bbox 2155 3047 2310 3116; x_wconf 83' lang='lat' dir='ltr'><strong>juxta</strong></span> <span class='ocrx_word' id='word_1_505' title='bbox 2345 3049 2808 3120; x_wconf 64' lang='lat' dir='ltr'><strong>philosopbithue</strong></span> <span class='ocrx_word' id='word_1_506' title='bbox 2840 3050 2995 3120; x_wconf 88' lang='lat' dir='ltr'><strong>plene</strong></span> <span class='ocrx_word' id='word_1_507' title='bbox 3024 3051 3242 3106; x_wconf 82' lang='lat' dir='ltr'><strong>victrix.</strong></span> <span class='ocrx_word' id='word_1_508' title='bbox 3273 3050 3478 3108; x_wconf 73' lang='lat' dir='ltr'><strong>Tamen</strong></span> 
     </span>
    </p>
   </div>
   <div class='ocr_carea' id='block_1_79' title="bbox 1909 3143 3487 3213">
    <p class='ocr_par' dir='ltr' id='par_1_79' title="bbox 1909 3143 3487 3213">
     <span class='ocr_line' id='line_1_79' title="bbox 1909 3143 3487 3213; baseline 0 -17"><span class='ocrx_word' id='word_1_509' title='bbox 1909 3156 1978 3196; x_wconf 90' lang='lat' dir='ltr'><strong>ne</strong></span> <span class='ocrx_word' id='word_1_510' title='bbox 2010 3150 2241 3210; x_wconf 84' lang='lat' dir='ltr'><strong>utroque</strong></span> <span class='ocrx_word' id='word_1_511' title='bbox 2291 3143 2453 3197; x_wconf 87' lang='lat' dir='ltr'><strong>simul</strong></span> <span class='ocrx_word' id='word_1_512' title='bbox 2511 3152 2736 3213; x_wconf 90' lang='lat' dir='ltr'><strong>parente</strong></span> <span class='ocrx_word' id='word_1_513' title='bbox 2785 3144 3014 3199; x_wconf 82' lang='lat' dir='ltr'><strong>orbarer</strong></span> <span class='ocrx_word' id='word_1_514' title='bbox 3065 3145 3229 3199; x_wconf 87' lang='lat' dir='ltr'><strong>dabat</strong></span> <span class='ocrx_word' id='word_1_515' title='bbox 3263 3157 3487 3212; x_wconf 85' lang='lat' dir='ltr'><strong>operam</strong></span> 
     </span>
    </p>
   </div>
   <div class='ocr_carea' id='block_1_80' title="bbox 1835 3233 3486 3320">
    <p class='ocr_par' dir='ltr' id='par_1_80' title="bbox 1835 3233 3486 3320">
     <span class='ocr_line' id='line_1_80' title="bbox 1835 3233 3486 3320; baseline 0.001 -32"><span class='ocrx_word' id='word_1_516' title='bbox 1835 3259 1880 3320; x_wconf 65' lang='grc' dir='ltr'>α</span> <span class='ocrx_word' id='word_1_517' title='bbox 1912 3233 2192 3306; x_wconf 78' lang='lat' dir='ltr'><strong>ingeniosa</strong></span> <span class='ocrx_word' id='word_1_518' title='bbox 2217 3235 2412 3302; x_wconf 88' lang='lat' dir='ltr'><strong>pietas,</strong></span> <span class='ocrx_word' id='word_1_519' title='bbox 2437 3243 2496 3290; x_wconf 88' lang='lat' dir='ltr'><strong>ut</strong></span> <span class='ocrx_word' id='word_1_520' title='bbox 2523 3235 2686 3290; x_wconf 86' lang='lat' dir='ltr'><strong>matri</strong></span> <span class='ocrx_word' id='word_1_521' title='bbox 2711 3245 2858 3288; x_wconf 86' lang='lat' dir='ltr'><strong>certe</strong></span> <span class='ocrx_word' id='word_1_522' title='bbox 2882 3236 3134 3292; x_wconf 88' lang='lat' dir='ltr'><strong>solatium</strong></span> <span class='ocrx_word' id='word_1_523' title='bbox 3158 3237 3240 3290; x_wconf 86' lang='lat' dir='ltr'><strong>vel</strong></span> <span class='ocrx_word' id='word_1_524' title='bbox 3269 3237 3486 3304; x_wconf 78' lang='lat' dir='ltr'><strong>falsum,</strong></span> 
     </span>
    </p>
   </div>
   <div class='ocr_carea' id='block_1_81' title="bbox 1911 3325 3487 3397">
    <p class='ocr_par' dir='ltr' id='par_1_81' title="bbox 1911 3325 3487 3397">
     <span class='ocr_line' id='line_1_81' title="bbox 1911 3325 3487 3397; baseline 0.002 -17"><span class='ocrx_word' id='word_1_525' title='bbox 1911 3327 2206 3383; x_wconf 90' lang='lat' dir='ltr'><strong>minuendo</strong></span> <span class='ocrx_word' id='word_1_526' title='bbox 2235 3327 2406 3397; x_wconf 86' lang='lat' dir='ltr'><strong>patris</strong></span> <span class='ocrx_word' id='word_1_527' title='bbox 2434 3329 2609 3393; x_wconf 90' lang='lat' dir='ltr'><strong>malo,</strong></span> <span class='ocrx_word' id='word_1_528' title='bbox 2645 3325 2836 3382; x_wconf 71' lang='lat' dir='ltr'><strong>afferre</strong></span> <span class='ocrx_word' id='word_1_529' title='bbox 2871 3343 3124 3384; x_wconf 86' lang='lat' dir='ltr'><strong>conarer.</strong></span> <span class='ocrx_word' id='word_1_530' title='bbox 3179 3329 3308 3382; x_wconf 84' lang='lat' dir='ltr'><strong>Erat</strong></span> <span class='ocrx_word' id='word_1_531' title='bbox 3339 3329 3390 3382; x_wconf 92' lang='lat' dir='ltr'><strong>in</strong></span> <span class='ocrx_word' id='word_1_532' title='bbox 3422 3343 3487 3383; x_wconf 84' lang='lat' dir='ltr'><strong>ea</strong></span> 
     </span>
    </p>
   </div>
   <div class='ocr_carea' id='block_1_82' title="bbox 1901 3420 3490 3490">
    <p class='ocr_par' dir='ltr' id='par_1_82' title="bbox 1901 3420 3490 3490">
     <span class='ocr_line' id='line_1_82' title="bbox 1901 3420 3490 3490; baseline 0.003 -17"><span class='ocrx_word' id='word_1_533' title='bbox 1901 3420 2167 3487; x_wconf 86' lang='lat' dir='ltr'><strong>opinione</strong></span> <span class='ocrx_word' id='word_1_534' title='bbox 2199 3435 2316 3475; x_wconf 89' lang='lat' dir='ltr'><strong>mea</strong></span> <span class='ocrx_word' id='word_1_535' title='bbox 2349 3433 2546 3488; x_wconf 87' lang='lat' dir='ltr'><strong>parens</strong></span> <span class='ocrx_word' id='word_1_536' title='bbox 2577 3435 2741 3477; x_wconf 87' lang='lat' dir='ltr'><strong>nosse</strong></span> <span class='ocrx_word' id='word_1_537' title='bbox 2772 3437 2859 3477; x_wconf 92' lang='lat' dir='ltr'><strong>me</strong></span> <span class='ocrx_word' id='word_1_538' title='bbox 2885 3435 3031 3476; x_wconf 89' lang='lat' dir='ltr'><strong>artes</strong></span> <span class='ocrx_word' id='word_1_539' title='bbox 3067 3422 3355 3490; x_wconf 88' lang='lat' dir='ltr'><strong>plurimas,</strong></span> <span class='ocrx_word' id='word_1_540' title='bbox 3388 3435 3490 3477; x_wconf 79' lang='lat' dir='ltr'><strong>nec</strong></span> 
     </span>
    </p>
   </div>
   <div class='ocr_carea' id='block_1_83' title="bbox 1904 3511 3482 3583">
    <p class='ocr_par' dir='ltr' id='par_1_83' title="bbox 1904 3511 3482 3583">
     <span class='ocr_line' id='line_1_83' title="bbox 1904 3511 3482 3583; baseline -0.001 -17"><span class='ocrx_word' id='word_1_541' title='bbox 1904 3511 2186 3567; x_wconf 77' lang='lat' dir='ltr'><strong>medicina:</strong></span> <span class='ocrx_word' id='word_1_542' title='bbox 2217 3512 2350 3567; x_wconf 89' lang='lat' dir='ltr'><strong>adeo</strong></span> <span class='ocrx_word' id='word_1_543' title='bbox 2379 3512 2547 3582; x_wconf 89' lang='lat' dir='ltr'><strong>ipsius</strong></span> <span class='ocrx_word' id='word_1_544' title='bbox 2573 3514 2761 3568; x_wconf 89' lang='lat' dir='ltr'><strong>rudem</strong></span> <span class='ocrx_word' id='word_1_545' title='bbox 2797 3527 2919 3570; x_wconf 89' lang='lat' dir='ltr'><strong>esse</strong></span> <span class='ocrx_word' id='word_1_546' title='bbox 2945 3512 3212 3568; x_wconf 75' lang='lat' dir='ltr'><strong>fmtditus.</strong></span> <span class='ocrx_word' id='word_1_547' title='bbox 3251 3513 3361 3583; x_wconf 77' lang='lat' dir='ltr'><strong>Ego</strong></span> <span class='ocrx_word' id='word_1_548' title='bbox 3387 3512 3482 3566; x_wconf 88' lang='lat' dir='ltr'><strong>illa</strong></span> 
     </span>
    </p>
   </div>
   <div class='ocr_carea' id='block_1_84' title="bbox 1909 3603 3485 3675">
    <p class='ocr_par' dir='ltr' id='par_1_84' title="bbox 1909 3603 3485 3675">
     <span class='ocr_line' id='line_1_84' title="bbox 1909 3603 3485 3675; baseline 0 -17"><span class='ocrx_word' id='word_1_549' title='bbox 1909 3613 2018 3658; x_wconf 89' lang='lat' dir='ltr'><strong>tum</strong></span> <span class='ocrx_word' id='word_1_550' title='bbox 2058 3603 2382 3660; x_wconf 87' lang='lat' dir='ltr'><strong>auctoritate</strong></span> <span class='ocrx_word' id='word_1_551' title='bbox 2413 3604 2496 3659; x_wconf 86' lang='lat' dir='ltr'><strong>sic</strong></span> <span class='ocrx_word' id='word_1_552' title='bbox 2522 3605 2588 3658; x_wconf 89' lang='lat' dir='ltr'><strong>ad</strong></span> <span class='ocrx_word' id='word_1_553' title='bbox 2619 3605 2739 3675; x_wconf 87' lang='lat' dir='ltr'><strong>ejus</strong></span> <span class='ocrx_word' id='word_1_554' title='bbox 2773 3607 2971 3660; x_wconf 87' lang='lat' dir='ltr'><strong>bonum</strong></span> <span class='ocrx_word' id='word_1_555' title='bbox 3005 3605 3288 3668; x_wconf 77' lang='lat' dir='ltr'><strong>abutebar,</strong></span> <span class='ocrx_word' id='word_1_556' title='bbox 3312 3616 3369 3658; x_wconf 92' lang='lat' dir='ltr'><strong>ut</strong></span> <span class='ocrx_word' id='word_1_557' title='bbox 3389 3619 3485 3659; x_wconf 76' lang='lat' dir='ltr'><strong>ex-</strong></span> 
     </span>
    </p>
   </div>
   <div class='ocr_carea' id='block_1_85' title="bbox 1907 3696 3488 3766">
    <p class='ocr_par' dir='ltr' id='par_1_85' title="bbox 1907 3696 3488 3766">
     <span class='ocr_line' id='line_1_85' title="bbox 1907 3696 3488 3766; baseline -0.001 -15"><span class='ocrx_word' id='word_1_558' title='bbox 1907 3697 2115 3766; x_wconf 90' lang='lat' dir='ltr'><strong>plorato</strong></span> <span class='ocrx_word' id='word_1_559' title='bbox 2138 3698 2348 3752; x_wconf 82' lang='lat' dir='ltr'><strong>crebris</strong></span> <span class='ocrx_word' id='word_1_560' title='bbox 2373 3696 2608 3751; x_wconf 88' lang='lat' dir='ltr'><strong>tactibus</strong></span> <span class='ocrx_word' id='word_1_561' title='bbox 2638 3696 2969 3755; x_wconf 81' lang='lat' dir='ltr'><strong>arteriarum</strong></span> <span class='ocrx_word' id='word_1_562' title='bbox 2987 3698 3170 3765; x_wconf 78' lang='lat' dir='ltr'><strong>pulsu,</strong></span> <span class='ocrx_word' id='word_1_563' title='bbox 3195 3698 3488 3752; x_wconf 82' lang='lat' dir='ltr'><strong>observato</strong></span> 
     </span>
    </p>
   </div>
   <div class='ocr_carea' id='block_1_86' title="bbox 1905 3789 3485 3862">
    <p class='ocr_par' dir='ltr' id='par_1_86' title="bbox 1905 3789 3485 3862">
     <span class='ocr_line' id='line_1_86' title="bbox 1905 3789 3485 3862; baseline -0.003 -17"><span class='ocrx_word' id='word_1_564' title='bbox 1905 3805 2122 3862; x_wconf 85' lang='lat' dir='ltr'><strong>quoque</strong></span> <span class='ocrx_word' id='word_1_565' title='bbox 2151 3790 2368 3859; x_wconf 89' lang='lat' dir='ltr'><strong>spiritu,</strong></span> <span class='ocrx_word' id='word_1_566' title='bbox 2413 3799 2467 3843; x_wconf 84' lang='lat' dir='ltr'><strong>et</strong></span> <span class='ocrx_word' id='word_1_567' title='bbox 2511 3789 2681 3858; x_wconf 77' lang='lat' dir='ltr'><strong>signis</strong></span> <span class='ocrx_word' id='word_1_568' title='bbox 2721 3789 2775 3844; x_wconf 89' lang='lat' dir='ltr'><strong>id</strong></span> <span class='ocrx_word' id='word_1_569' title='bbox 2815 3803 2990 3859; x_wconf 74' lang='lat' dir='ltr'><strong>genus</strong></span> <span class='ocrx_word' id='word_1_570' title='bbox 3048 3789 3485 3856; x_wconf 87' lang='lat' dir='ltr'><strong>circumspectis,</strong></span> 
     </span>
    </p>
   </div>
   <div class='ocr_carea' id='block_1_87' title="bbox 1907 3881 3485 3952">
    <p class='ocr_par' dir='ltr' id='par_1_87' title="bbox 1907 3881 3485 3952">
     <span class='ocr_line' id='line_1_87' title="bbox 1907 3881 3485 3952; baseline -0.006 -13"><span class='ocrx_word' id='word_1_571' title='bbox 1907 3884 2096 3939; x_wconf 90' lang='lat' dir='ltr'><strong>melius</strong></span> <span class='ocrx_word' id='word_1_572' title='bbox 2112 3897 2231 3938; x_wconf 87' lang='lat' dir='ltr'><strong>esse</strong></span> <span class='ocrx_word' id='word_1_573' title='bbox 2245 3881 2414 3937; x_wconf 81' lang='lat' dir='ltr'><strong>videri</strong></span> <span class='ocrx_word' id='word_1_574' title='bbox 2435 3883 2843 3952; x_wconf 87' lang='lat' dir='ltr'><strong>pronuntiarem</strong></span> <span class='ocrx_word' id='word_1_575' title='bbox 2865 3882 2929 3936; x_wconf 89' lang='lat' dir='ltr'><strong>ad</strong></span> <span class='ocrx_word' id='word_1_576' title='bbox 2949 3890 3175 3936; x_wconf 86' lang='lat' dir='ltr'><strong>matrem</strong></span> <span class='ocrx_word' id='word_1_577' title='bbox 3199 3895 3485 3944; x_wconf 83' lang='lat' dir='ltr'><strong>conversa,</strong></span> 
     </span>
    </p>
   </div>
   <div class='ocr_carea' id='block_1_88' title="bbox 1906 3971 3482 4043">
    <p class='ocr_par' dir='ltr' id='par_1_88' title="bbox 1906 3971 3482 4043">
     <span class='ocr_line' id='line_1_88' title="bbox 1906 3971 3482 4043; baseline -0.001 -15"><span class='ocrx_word' id='word_1_578' title='bbox 1906 3973 2274 4043; x_wconf 89' lang='lat' dir='ltr'><strong>indiciumque</strong></span> <span class='ocrx_word' id='word_1_579' title='bbox 2306 3972 2602 4027; x_wconf 86' lang='lat' dir='ltr'><strong>ementirer</strong></span> <span class='ocrx_word' id='word_1_580' title='bbox 2639 3971 2712 4026; x_wconf 86' lang='lat' dir='ltr'><strong>illi</strong></span> <span class='ocrx_word' id='word_1_581' title='bbox 2745 3982 2894 4027; x_wconf 88' lang='lat' dir='ltr'><strong>certe</strong></span> <span class='ocrx_word' id='word_1_582' title='bbox 2941 3973 3285 4027; x_wconf 70' lang='lat' dir='ltr'><strong>consolantia:</strong></span> <span class='ocrx_word' id='word_1_583' title='bbox 3330 3971 3482 4026; x_wconf 89' lang='lat' dir='ltr'><strong>utile.</strong></span> 
     </span>
    </p>
   </div>
   <div class='ocr_carea' id='block_1_89' title="bbox 1904 4063 3481 4137">
    <p class='ocr_par' dir='ltr' id='par_1_89' title="bbox 1904 4063 3481 4137">
     <span class='ocr_line' id='line_1_89' title="bbox 1904 4063 3481 4137; baseline -0.004 -15"><span class='ocrx_word' id='word_1_584' title='bbox 1904 4065 1975 4122; x_wconf 82' lang='lat' dir='ltr'><strong>At</strong></span> <span class='ocrx_word' id='word_1_585' title='bbox 1998 4065 2181 4122; x_wconf 80' lang='lat' dir='ltr'><strong>brevis</strong></span> <span class='ocrx_word' id='word_1_586' title='bbox 2211 4065 2301 4137; x_wconf 89' lang='lat' dir='ltr'><strong>pio</strong></span> <span class='ocrx_word' id='word_1_587' title='bbox 2329 4063 2610 4119; x_wconf 85' lang='lat' dir='ltr'><strong>mendacio</strong></span> <span class='ocrx_word' id='word_1_588' title='bbox 2637 4063 2791 4132; x_wconf 80' lang='lat' dir='ltr'><strong>ﬁdes,</strong></span> <span class='ocrx_word' id='word_1_589' title='bbox 2809 4063 2946 4120; x_wconf 80' lang='lat' dir='ltr'><strong>levis</strong></span> <span class='ocrx_word' id='word_1_590' title='bbox 2977 4063 3191 4120; x_wconf 81' lang='lat' dir='ltr'><strong>fructus</strong></span> <span class='ocrx_word' id='word_1_591' title='bbox 3215 4063 3481 4119; x_wconf 85' lang='lat' dir='ltr'><strong>constitit.</strong></span> 
     </span>
    </p>
   </div>
   <div class='ocr_carea' id='block_1_90' title="bbox 1906 4181 3490 4254">
    <p class='ocr_par' dir='ltr' id='par_1_90' title="bbox 1906 4181 3490 4254">
     <span class='ocr_line' id='line_1_90' title="bbox 1906 4181 3490 4254; baseline -0.002 -16"><span class='ocrx_word' id='word_1_592' title='bbox 1906 4183 2036 4239; x_wconf 85' lang='lat' dir='ltr'><strong>loris</strong></span> <span class='ocrx_word' id='word_1_593' title='bbox 2073 4183 2253 4241; x_wconf 88' lang='lat' dir='ltr'><strong>elicita</strong></span> <span class='ocrx_word' id='word_1_594' title='bbox 2277 4184 2548 4241; x_wconf 83' lang='lat' dir='ltr'><strong>eminebat</strong></span> <span class='ocrx_word' id='word_1_595' title='bbox 2577 4199 2610 4242; x_wconf 89' lang='lat' dir='ltr'><strong>e</strong></span> <span class='ocrx_word' id='word_1_596' title='bbox 2644 4184 2977 4254; x_wconf 65' lang='lat' dir='ltr'><strong>praecordiis,</strong></span> <span class='ocrx_word' id='word_1_597' title='bbox 3009 4182 3152 4238; x_wconf 85' lang='lat' dir='ltr'><strong>haud</strong></span> <span class='ocrx_word' id='word_1_598' title='bbox 3188 4181 3350 4237; x_wconf 88' lang='lat' dir='ltr'><strong>dubie</strong></span> <span class='ocrx_word' id='word_1_599' title='bbox 3383 4181 3490 4235; x_wconf 81' lang='lat' dir='ltr'><strong>mi-</strong></span> 
     </span>
    </p>
   </div>
   <div class='ocr_carea' id='block_1_91' title="bbox 1907 4265 3491 4345">
    <p class='ocr_par' dir='ltr' id='par_1_91' title="bbox 1907 4265 3491 4345">
     <span class='ocr_line' id='line_1_91' title="bbox 1907 4265 3491 4345; baseline 0.001 -16"><span class='ocrx_word' id='word_1_600' title='bbox 1907 4291 2044 4331; x_wconf 90' lang='lat' dir='ltr'><strong>nans</strong></span> <span class='ocrx_word' id='word_1_601' title='bbox 2073 4291 2194 4332; x_wconf 89' lang='lat' dir='ltr'><strong>sese</strong></span> <span class='ocrx_word' id='word_1_602' title='bbox 2224 4276 2490 4331; x_wconf 80' lang='lat' dir='ltr'><strong>abituram</strong></span> <span class='ocrx_word' id='word_1_603' title='bbox 2527 4275 2690 4332; x_wconf 88' lang='lat' dir='ltr'><strong>simul</strong></span> <span class='ocrx_word' id='word_1_604' title='bbox 2733 4291 2853 4331; x_wconf 86' lang='lat' dir='ltr'><strong>cum</strong></span> <span class='ocrx_word' id='word_1_605' title='bbox 2909 4276 3088 4330; x_wconf 88' lang='lat' dir='ltr'><strong>anima</strong></span> <span class='ocrx_word' id='word_1_606' title='bbox 3119 4275 3365 4345; x_wconf 76' lang='lat' dir='ltr'><strong>Augusti.</strong></span> <span class='ocrx_word' id='word_1_607' title='bbox 3401 4265 3491 4330; x_wconf 54' lang='grc' dir='ltr'>γε</span> 
     </span>
    </p>
   </div>
   <div class='ocr_carea' id='block_1_92' title="bbox 1909 4365 3486 4438">
    <p class='ocr_par' dir='ltr' id='par_1_92' title="bbox 1909 4365 3486 4438">
     <span class='ocr_line' id='line_1_92' title="bbox 1909 4365 3486 4438; baseline -0.002 -15"><span class='ocrx_word' id='word_1_608' title='bbox 1909 4369 2044 4424; x_wconf 89' lang='lat' dir='ltr'><strong>mihi</strong></span> <span class='ocrx_word' id='word_1_609' title='bbox 2081 4377 2193 4423; x_wconf 90' lang='lat' dir='ltr'><strong>tum</strong></span> <span class='ocrx_word' id='word_1_610' title='bbox 2236 4369 2450 4423; x_wconf 72' lang='lat' dir='ltr'><strong>misera:</strong></span> <span class='ocrx_word' id='word_1_611' title='bbox 2477 4384 2637 4438; x_wconf 86' lang='lat' dir='ltr'><strong>quam</strong></span> <span class='ocrx_word' id='word_1_612' title='bbox 2667 4369 2846 4438; x_wconf 80' lang='lat' dir='ltr'><strong>gravis</strong></span> <span class='ocrx_word' id='word_1_613' title='bbox 2884 4368 3114 4424; x_wconf 83' lang='lat' dir='ltr'><strong>articulo</strong></span> <span class='ocrx_word' id='word_1_614' title='bbox 3173 4382 3351 4423; x_wconf 89' lang='lat' dir='ltr'><strong>rerum</strong></span> <span class='ocrx_word' id='word_1_615' title='bbox 3391 4365 3486 4420; x_wconf 87' lang='lat' dir='ltr'><strong>tali</strong></span> 
     </span>
    </p>
   </div>
   <div class='ocr_carea' id='block_1_93' title="bbox 1909 4459 3494 4530">
    <p class='ocr_par' dir='ltr' id='par_1_93' title="bbox 1909 4459 3494 4530">
     <span class='ocr_line' id='line_1_93' title="bbox 1909 4459 3494 4530; baseline -0.004 -13"><span class='ocrx_word' id='word_1_616' title='bbox 1909 4476 2064 4517; x_wconf 66' lang='lat' dir='ltr'><strong>saeva:</strong></span> <span class='ocrx_word' id='word_1_617' title='bbox 2086 4463 2413 4517; x_wconf 87' lang='lat' dir='ltr'><strong>calamitatis</strong></span> <span class='ocrx_word' id='word_1_618' title='bbox 2444 4461 2613 4518; x_wconf 88' lang='lat' dir='ltr'><strong>moles</strong></span> <span class='ocrx_word' id='word_1_619' title='bbox 2643 4462 2835 4517; x_wconf 86' lang='lat' dir='ltr'><strong>incidit</strong></span> <span class='ocrx_word' id='word_1_620' title='bbox 2875 4461 2888 4516; x_wconf 80' lang='grc' dir='ltr'><strong>ι</strong></span> <span class='ocrx_word' id='word_1_621' title='bbox 2947 4460 3131 4527; x_wconf 78' lang='lat' dir='ltr'><strong>Plane,</strong></span> <span class='ocrx_word' id='word_1_622' title='bbox 3165 4462 3307 4530; x_wconf 87' lang='lat' dir='ltr'><strong>quod</strong></span> <span class='ocrx_word' id='word_1_623' title='bbox 3339 4459 3494 4513; x_wconf 65' lang='lat' dir='ltr'><strong>Psalo</strong></span> 
     </span>
    </p>
   </div>
   <div class='ocr_carea' id='block_1_94' title="bbox 213 4544 3494 4645">
    <p class='ocr_par' dir='ltr' id='par_1_94' title="bbox 213 4544 3494 4645">
     <span class='ocr_line' id='line_1_94' title="bbox 213 4544 3494 4645; baseline -0 -46"><span class='ocrx_word' id='word_1_624' title='bbox 213 4554 354 4601; x_wconf 82' lang='lat' dir='ltr'><strong>sent</strong></span> <span class='ocrx_word' id='word_1_625' title='bbox 391 4544 602 4599; x_wconf 77' lang='lat' dir='ltr'><strong>fallere.</strong></span> <span class='ocrx_word' id='word_1_626' title='bbox 633 4544 692 4598; x_wconf 90' lang='lat' dir='ltr'><strong>ld</strong></span> <span class='ocrx_word' id='word_1_627' title='bbox 730 4545 978 4617; x_wconf 80' lang='lat' dir='ltr'><strong>Augusta</strong></span> <span class='ocrx_word' id='word_1_628' title='bbox 1004 4547 1346 4616; x_wconf 87' lang='lat' dir='ltr'><strong>conspicata,</strong></span> <span class='ocrx_word' id='word_1_629' title='bbox 1381 4548 1458 4603; x_wconf 88' lang='lat' dir='ltr'><strong>sic</strong></span> <span class='ocrx_word' id='word_1_630' title='bbox 1489 4549 1680 4604; x_wconf 75' lang='lat' dir='ltr'><strong>affecta</strong></span> <span class='ocrx_word' id='word_1_631' title='bbox 1705 4559 1808 4618; x_wconf 88' lang='lat' dir='ltr'><strong>est,</strong></span> <span class='ocrx_word' id='word_1_632' title='bbox 1842 4589 1886 4645; x_wconf 65' lang='grc' dir='ltr'>υ</span> <span class='ocrx_word' id='word_1_633' title='bbox 1916 4573 2038 4612; x_wconf 84' lang='lat' dir='ltr'><strong>mus</strong></span> <span class='ocrx_word' id='word_1_634' title='bbox 2069 4558 2232 4612; x_wconf 85' lang='lat' dir='ltr'><strong>habet</strong></span> <span class='ocrx_word' id='word_1_635' title='bbox 2265 4575 2279 4610; x_wconf 90' lang='lat'><strong>:</strong></span> <span class='ocrx_word' id='word_1_636' title='bbox 2311 4558 2690 4638; x_wconf 62' lang='lat' dir='ltr'><strong>Prtevenerunt</strong></span> <span class='ocrx_word' id='word_1_637' title='bbox 2721 4573 2800 4611; x_wconf 86' lang='lat' dir='ltr'><strong>me</strong></span> <span class='ocrx_word' id='word_1_638' title='bbox 2837 4557 3012 4626; x_wconf 84' lang='lat' dir='ltr'><strong>laquei</strong></span> <span class='ocrx_word' id='word_1_639' title='bbox 3054 4557 3298 4620; x_wconf 49' lang='lat' dir='ltr'><strong>moi-(5‘s,</strong></span> <span class='ocrx_word' id='word_1_640' title='bbox 3330 4563 3382 4608; x_wconf 70' lang='grc' dir='ltr'>ει</span> <span class='ocrx_word' id='word_1_641' title='bbox 3409 4553 3494 4607; x_wconf 64' lang='grc' dir='ltr'><strong>τυ-</strong></span> 
     </span>
    </p>
   </div>
   <div class='ocr_carea' id='block_1_95' title="bbox 214 4634 1808 4710">
    <p class='ocr_par' dir='ltr' id='par_1_95' title="bbox 214 4634 1808 4710">
     <span class='ocr_line' id='line_1_95' title="bbox 214 4634 1808 4710; baseline 0.005 -20"><span class='ocrx_word' id='word_1_642' title='bbox 214 4644 287 4690; x_wconf 88' lang='lat' dir='ltr'><strong>ut</strong></span> <span class='ocrx_word' id='word_1_643' title='bbox 319 4636 417 4692; x_wconf 89' lang='lat' dir='ltr'><strong>sibi</strong></span> <span class='ocrx_word' id='word_1_644' title='bbox 448 4634 689 4704; x_wconf 90' lang='lat' dir='ltr'><strong>prudens</strong></span> <span class='ocrx_word' id='word_1_645' title='bbox 715 4637 949 4707; x_wconf 89' lang='lat' dir='ltr'><strong>quisque</strong></span> <span class='ocrx_word' id='word_1_646' title='bbox 998 4638 1270 4709; x_wconf 85' lang='lat' dir='ltr'><strong>subjicere</strong></span> <span class='ocrx_word' id='word_1_647' title='bbox 1301 4650 1477 4710; x_wconf 89' lang='lat' dir='ltr'><strong>potest</strong></span> <span class='ocrx_word' id='word_1_648' title='bbox 1507 4655 1690 4696; x_wconf 90' lang='lat' dir='ltr'><strong>secum</strong></span> <span class='ocrx_word' id='word_1_649' title='bbox 1720 4657 1808 4698; x_wconf 88' lang='lat' dir='ltr'><strong>re-</strong></span> 
     </span>
    </p>
   </div>
   <div class='ocr_carea' id='block_1_96' title="bbox 212 4729 1812 4800">
    <p class='ocr_par' dir='ltr' id='par_1_96' title="bbox 212 4729 1812 4800">
     <span class='ocr_line' id='line_1_96' title="bbox 212 4729 1812 4800; baseline 0.004 -17"><span class='ocrx_word' id='word_1_650' title='bbox 212 4730 491 4799; x_wconf 86' lang='lat' dir='ltr'><strong>putando,</strong></span> <span class='ocrx_word' id='word_1_651' title='bbox 531 4729 613 4783; x_wconf 90' lang='lat' dir='ltr'><strong>vel</strong></span> <span class='ocrx_word' id='word_1_652' title='bbox 647 4745 713 4785; x_wconf 77' lang='lat' dir='ltr'><strong>ex</strong></span> <span class='ocrx_word' id='word_1_653' title='bbox 751 4730 817 4784; x_wconf 89' lang='lat' dir='ltr'><strong>iis</strong></span> <span class='ocrx_word' id='word_1_654' title='bbox 848 4746 968 4800; x_wconf 71' lang='lat' dir='ltr'><strong>qure</strong></span> <span class='ocrx_word' id='word_1_655' title='bbox 995 4731 1105 4800; x_wconf 90' lang='lat' dir='ltr'><strong>jam</strong></span> <span class='ocrx_word' id='word_1_656' title='bbox 1139 4732 1395 4798; x_wconf 88' lang='lat' dir='ltr'><strong>diximus,</strong></span> <span class='ocrx_word' id='word_1_657' title='bbox 1442 4733 1524 4786; x_wconf 85' lang='lat' dir='ltr'><strong>vel</strong></span> <span class='ocrx_word' id='word_1_658' title='bbox 1560 4748 1624 4787; x_wconf 84' lang='lat' dir='ltr'><strong>ex</strong></span> <span class='ocrx_word' id='word_1_659' title='bbox 1663 4734 1812 4790; x_wconf 64' lang='lat' dir='ltr'><strong>aesti-</strong></span> 
     </span>
    </p>
   </div>
   <div class='ocr_carea' id='block_1_97' title="bbox 213 4821 1806 4896">
    <p class='ocr_par' dir='ltr' id='par_1_97' title="bbox 213 4821 1806 4896">
     <span class='ocr_line' id='line_1_97' title="bbox 213 4821 1806 4896; baseline 0.006 -20"><span class='ocrx_word' id='word_1_660' title='bbox 213 4821 469 4877; x_wconf 86' lang='lat' dir='ltr'><strong>matione</strong></span> <span class='ocrx_word' id='word_1_661' title='bbox 495 4822 696 4878; x_wconf 87' lang='lat' dir='ltr'><strong>amoris</strong></span> <span class='ocrx_word' id='word_1_662' title='bbox 728 4823 885 4879; x_wconf 90' lang='lat' dir='ltr'><strong>tanti.</strong></span> <span class='ocrx_word' id='word_1_663' title='bbox 928 4823 1214 4881; x_wconf 84' lang='lat' dir='ltr'><strong>Enimvero</strong></span> <span class='ocrx_word' id='word_1_664' title='bbox 1243 4825 1359 4896; x_wconf 88' lang='lat' dir='ltr'><strong>ejus</strong></span> <span class='ocrx_word' id='word_1_665' title='bbox 1397 4826 1578 4881; x_wconf 87' lang='lat' dir='ltr'><strong>anima</strong></span> <span class='ocrx_word' id='word_1_666' title='bbox 1611 4827 1658 4882; x_wconf 89' lang='lat' dir='ltr'><strong>vi</strong></span> <span class='ocrx_word' id='word_1_667' title='bbox 1711 4827 1806 4885; x_wconf 88' lang='lat' dir='ltr'><strong>do-</strong></span> 
     </span>
    </p>
   </div>
   <div class='ocr_carea' id='block_1_98' title="bbox 301 4959 782 5028">
    <p class='ocr_par' dir='ltr' id='par_1_98' title="bbox 301 4959 782 5028">
     <span class='ocr_line' id='line_1_98' title="bbox 301 4959 782 5028; baseline 0.006 -12"><span class='ocrx_word' id='word_1_668' title='bbox 301 4959 326 4992; x_wconf 73' lang='lat'><strong>‘</strong></span> <span class='ocrx_word' id='word_1_669' title='bbox 358 4959 502 5016; x_wconf 83' lang='lat' dir='ltr'><strong>Psal.</strong></span> <span class='ocrx_word' id='word_1_670' title='bbox 528 4976 662 5028; x_wconf 80' lang='lat' dir='ltr'><strong>xm,</strong></span> <span class='ocrx_word' id='word_1_671' title='bbox 693 4963 782 5020; x_wconf 86' lang='lat' dir='ltr'><strong>l9.</strong></span> 
     </span>
    </p>
   </div>
   <div class='ocr_carea' id='block_1_99' title="bbox 1918 4631 3469 4721">
    <p class='ocr_par' dir='ltr' id='par_1_99' title="bbox 1918 4631 3469 4721">
     <span class='ocr_line' id='line_1_99' title="bbox 1918 4631 3469 4721; baseline -0.002 -16"><span class='ocrx_word' id='word_1_672' title='bbox 1918 4665 2016 4705; x_wconf 87' lang='lat' dir='ltr'><strong>nes</strong></span> <span class='ocrx_word' id='word_1_673' title='bbox 2048 4650 2196 4704; x_wconf 89' lang='lat' dir='ltr'><strong>velut</strong></span> <span class='ocrx_word' id='word_1_674' title='bbox 2241 4631 2460 4721; x_wconf 81' lang='lat' dir='ltr'><strong>quidam</strong></span> <span class='ocrx_word' id='word_1_675' title='bbox 2518 4651 3055 4721; x_wconf 75' lang='lat' dir='ltr'><strong>comprehemlcrunt</strong></span> <span class='ocrx_word' id='word_1_676' title='bbox 3099 4649 3280 4703; x_wconf 78' lang='lat' dir='ltr'><strong>fatalis</strong></span> <span class='ocrx_word' id='word_1_677' title='bbox 3315 4648 3469 4702; x_wconf 82' lang='lat' dir='ltr'><strong>exitii</strong></span> 
     </span>
    </p>
   </div>
   <div class='ocr_carea' id='block_1_100' title="bbox 1917 4739 3462 4814">
    <p class='ocr_par' dir='ltr' id='par_1_100' title="bbox 1917 4739 3462 4814">
     <span class='ocr_line' id='line_1_100' title="bbox 1917 4739 3462 4814; baseline -0.003 -18"><span class='ocrx_word' id='word_1_678' title='bbox 1917 4739 2029 4798; x_wconf 90' lang='lat' dir='ltr'><strong>Nec</strong></span> <span class='ocrx_word' id='word_1_679' title='bbox 2059 4758 2157 4814; x_wconf 91' lang='lat' dir='ltr'><strong>par</strong></span> <span class='ocrx_word' id='word_1_680' title='bbox 2182 4743 2503 4798; x_wconf 87' lang='lat' dir='ltr'><strong>sustinendo</strong></span> <span class='ocrx_word' id='word_1_681' title='bbox 2534 4744 2774 4808; x_wconf 88' lang='lat' dir='ltr'><strong>constiti,</strong></span> <span class='ocrx_word' id='word_1_682' title='bbox 2827 4743 2998 4797; x_wconf 84' lang='lat' dir='ltr'><strong>fateor</strong></span> <span class='ocrx_word' id='word_1_683' title='bbox 3031 4741 3214 4806; x_wconf 84' lang='lat' dir='ltr'><strong>ultro;</strong></span> <span class='ocrx_word' id='word_1_684' title='bbox 3249 4739 3316 4794; x_wconf 89' lang='lat' dir='ltr'><strong>de</strong></span> <span class='ocrx_word' id='word_1_685' title='bbox 3338 4749 3462 4810; x_wconf 79' lang='lat' dir='ltr'><strong>pote</strong></span> 
     </span>
    </p>
   </div>
   <div class='ocr_carea' id='block_1_101' title="bbox 1915 4831 3496 4894">
    <p class='ocr_par' dir='ltr' id='par_1_101' title="bbox 1915 4831 3496 4894">
     <span class='ocr_line' id='line_1_101' title="bbox 1915 4831 3496 4894; baseline -0.001 -5"><span class='ocrx_word' id='word_1_686' title='bbox 1915 4844 2058 4891; x_wconf 85' lang='lat' dir='ltr'><strong>state</strong></span> <span class='ocrx_word' id='word_1_687' title='bbox 2117 4837 2315 4894; x_wconf 87' lang='lat' dir='ltr'><strong>mentis</strong></span> <span class='ocrx_word' id='word_1_688' title='bbox 2368 4835 2708 4893; x_wconf 75' lang='lat' dir='ltr'><strong>deturbatam</strong></span> <span class='ocrx_word' id='word_1_689' title='bbox 2742 4849 2827 4890; x_wconf 88' lang='lat' dir='ltr'><strong>me</strong></span> <span class='ocrx_word' id='word_1_690' title='bbox 2857 4834 3022 4890; x_wconf 81' lang='lat' dir='ltr'><strong>sensi.</strong></span> <span class='ocrx_word' id='word_1_691' title='bbox 3073 4831 3139 4887; x_wconf 86' lang='lat' dir='ltr'><strong>Et</strong></span> <span class='ocrx_word' id='word_1_692' title='bbox 3194 4841 3309 4887; x_wconf 88' lang='lat' dir='ltr'><strong>erat</strong></span> <span class='ocrx_word' id='word_1_693' title='bbox 3371 4831 3496 4888; x_wconf 54' lang='lat' dir='ltr'><strong>[ira</strong></span> 
     </span>
    </p>
   </div>
   <div class='ocr_carea' id='block_1_102' title="bbox 1283 5034 2450 5109">
    <p class='ocr_par' dir='ltr' id='par_1_102' title="bbox 1283 5034 2450 5109">
     <span class='ocr_line' id='line_1_102' title="bbox 1283 5034 2450 5109; baseline 0.014 -16"><span class='ocrx_word' id='word_1_694' title='bbox 1283 5034 1488 5098; x_wconf 66' lang='lat' dir='ltr'><strong>Varia)</strong></span> <span class='ocrx_word' id='word_1_695' title='bbox 1527 5035 1837 5103; x_wconf 89' lang='lat' dir='ltr'><strong>lectiones</strong></span> <span class='ocrx_word' id='word_1_696' title='bbox 1871 5057 1948 5103; x_wconf 87' lang='lat' dir='ltr'><strong>ex</strong></span> <span class='ocrx_word' id='word_1_697' title='bbox 1983 5044 2130 5107; x_wconf 86' lang='lat' dir='ltr'><strong>cod.</strong></span> <span class='ocrx_word' id='word_1_698' title='bbox 2177 5044 2450 5109; x_wconf 84' lang='lat' dir='ltr'><strong>Coislin.</strong></span> 
     </span>
    </p>
   </div>
   <div class='ocr_carea' id='block_1_103' title="bbox 301 5129 1804 5211">
    <p class='ocr_par' dir='ltr' id='par_1_103' title="bbox 301 5129 1804 5211">
     <span class='ocr_line' id='line_1_103' title="bbox 301 5129 1804 5211; baseline 0.019 -43"><span class='ocrx_word' id='word_1_699' title='bbox 301 5133 349 5168; x_wconf 73' lang='lat' dir='ltr'><strong>so</strong></span> <span class='ocrx_word' id='word_1_700' title='bbox 383 5133 482 5204; x_wconf 58' lang='grc' dir='ltr'><strong>μὲν</strong></span> <span class='ocrx_word' id='word_1_701' title='bbox 509 5129 654 5189; x_wconf 69' lang='grc' dir='ltr'>εἷπε,</span> <span class='ocrx_word' id='word_1_702' title='bbox 732 5133 775 5165; x_wconf 83' lang='grc'><strong>⁶¹</strong></span> <span class='ocrx_word' id='word_1_703' title='bbox 799 5135 865 5204; x_wconf 83' lang='grc' dir='ltr'>τῇ</span> <span class='ocrx_word' id='word_1_704' title='bbox 886 5133 967 5192; x_wconf 71' lang='grc' dir='ltr'><strong>δέ.</strong></span> <span class='ocrx_word' id='word_1_705' title='bbox 1045 5135 1090 5167; x_wconf 84' lang='grc'><strong><em>⁶²</em></strong></span> <span class='ocrx_word' id='word_1_706' title='bbox 1121 5135 1368 5206; x_wconf 77' lang='grc' dir='ltr'>κινήσεις</span> <span class='ocrx_word' id='word_1_707' title='bbox 1401 5176 1416 5192; x_wconf 94' lang='grc'><strong>.</strong></span> <span class='ocrx_word' id='word_1_708' title='bbox 1447 5176 1464 5192; x_wconf 93' lang='grc'><strong>.</strong></span> <span class='ocrx_word' id='word_1_709' title='bbox 1494 5178 1510 5195; x_wconf 91' lang='grc'><strong>.</strong></span> <span class='ocrx_word' id='word_1_710' title='bbox 1539 5142 1804 5211; x_wconf 74' lang='grc' dir='ltr'>περὶτῆς.</span> 
     </span>
    </p>
   </div>
   <div class='ocr_carea' id='block_1_104' title="bbox 1262 5259 2411 5344">
    <p class='ocr_par' dir='ltr' id='par_1_104' title="bbox 1262 5259 2411 5344">
     <span class='ocr_line' id='line_1_104' title="bbox 1262 5259 2411 5344; baseline 0.008 -24"><span class='ocrx_word' id='word_1_711' title='bbox 1262 5259 1406 5322; x_wconf 86' lang='lat' dir='ltr'><strong>Car.</strong></span> <span class='ocrx_word' id='word_1_712' title='bbox 1453 5262 1786 5344; x_wconf 85' lang='lat' dir='ltr'><strong>Dufresnii</strong></span> <span class='ocrx_word' id='word_1_713' title='bbox 1819 5268 1908 5329; x_wconf 89' lang='lat' dir='ltr'><strong>Du</strong></span> <span class='ocrx_word' id='word_1_714' title='bbox 1940 5266 2167 5344; x_wconf 73' lang='lat' dir='ltr'><strong>Cangii</strong></span> <span class='ocrx_word' id='word_1_715' title='bbox 2219 5271 2411 5329; x_wconf 77' lang='lat' dir='ltr'><strong>notae.</strong></span> 
     </span>
    </p>
   </div>
   <div class='ocr_carea' id='block_1_105' title="bbox 303 5349 1806 5435">
    <p class='ocr_par' dir='ltr' id='par_1_105' title="bbox 303 5349 1806 5435">
     <span class='ocr_line' id='line_1_105' title="bbox 303 5349 1806 5435; baseline 0.011 -31"><span class='ocrx_word' id='word_1_716' title='bbox 303 5349 381 5421; x_wconf 86' lang='lat'><strong>(6)</strong></span> <span class='ocrx_word' id='word_1_717' title='bbox 413 5353 981 5435; x_wconf 64' lang='grc' dir='ltr'>ῌορφυρογέγνῃτος</span> <span class='ocrx_word' id='word_1_718' title='bbox 1005 5359 1306 5435; x_wconf 60' lang='grc' dir='ltr'><strong>βύᾷοκίιτ.</strong></span> <span class='ocrx_word' id='word_1_719' title='bbox 1341 5362 1503 5435; x_wconf 65' lang='grc'><strong>425</strong></span> <span class='ocrx_word' id='word_1_720' title='bbox 1540 5366 1710 5421; x_wconf 81' lang='lat' dir='ltr'><strong>Alexii</strong></span> <span class='ocrx_word' id='word_1_721' title='bbox 1745 5368 1806 5420; x_wconf 82' lang='lat' dir='ltr'><strong>li-</strong></span> 
     </span>
    </p>
   </div>
   <div class='ocr_carea' id='block_1_106' title="bbox 221 5421 1804 5504">
    <p class='ocr_par' dir='ltr' id='par_1_106' title="bbox 221 5421 1804 5504">
     <span class='ocr_line' id='line_1_106' title="bbox 221 5421 1804 5504; baseline 0.01 -29"><span class='ocrx_word' id='word_1_722' title='bbox 221 5421 330 5485; x_wconf 83' lang='lat' dir='ltr'><strong>lia,</strong></span> <span class='ocrx_word' id='word_1_723' title='bbox 369 5421 801 5504; x_wconf 27' lang='lat' dir='ltr'><strong>cujus’meminit</strong></span> <span class='ocrx_word' id='word_1_724' title='bbox 835 5421 1081 5485; x_wconf 77' lang='lat' dir='ltr'><strong>Callicles</strong></span> <span class='ocrx_word' id='word_1_725' title='bbox 1109 5433 1165 5504; x_wconf 55' lang='lat' dir='ltr'><strong>in</strong></span> <span class='ocrx_word' id='word_1_726' title='bbox 1213 5447 1278 5486; x_wconf 81' lang='lat' dir='ltr'><strong>eo</strong></span> <span class='ocrx_word' id='word_1_727' title='bbox 1317 5421 1804 5504; x_wconf 55' lang='lat' dir='ltr'><strong>qual&#39;descripsi-</strong></span> 
     </span>
    </p>
   </div>
   <div class='ocr_carea' id='block_1_107' title="bbox 214 5491 1804 5573">
    <p class='ocr_par' dir='ltr' id='par_1_107' title="bbox 214 5491 1804 5573">
     <span class='ocr_line' id='line_1_107' title="bbox 214 5491 1804 5573; baseline 0.013 -30"><span class='ocrx_word' id='word_1_728' title='bbox 214 5506 353 5573; x_wconf 54' lang='grc' dir='ltr'>ερας</span> <span class='ocrx_word' id='word_1_729' title='bbox 381 5491 800 5573; x_wconf 72' lang='lat' dir='ltr'><strong>Epigrammate,</strong></span> <span class='ocrx_word' id='word_1_730' title='bbox 829 5509 885 5573; x_wconf 77' lang='lat' dir='ltr'><strong>et</strong></span> <span class='ocrx_word' id='word_1_731' title='bbox 909 5516 1073 5573; x_wconf 79' lang='lat' dir='ltr'><strong>quam</strong></span> <span class='ocrx_word' id='word_1_732' title='bbox 1109 5491 1348 5557; x_wconf 77' lang='lat' dir='ltr'><strong>Zonaras</strong></span> <span class='ocrx_word' id='word_1_733' title='bbox 1380 5521 1408 5558; x_wconf 90' lang='lat' dir='ltr'><strong>a</strong></span> <span class='ocrx_word' id='word_1_734' title='bbox 1458 5515 1634 5573; x_wconf 82' lang='lat' dir='ltr'><strong>patre,</strong></span> <span class='ocrx_word' id='word_1_735' title='bbox 1694 5491 1804 5562; x_wconf 71' lang='lat' dir='ltr'><strong>lilio</strong></span> 
     </span>
    </p>
   </div>
   <div class='ocr_carea' id='block_1_108' title="bbox 225 5561 1802 5643">
    <p class='ocr_par' dir='ltr' id='par_1_108' title="bbox 225 5561 1802 5643">
     <span class='ocr_line' id='line_1_108' title="bbox 225 5561 1802 5643; baseline 0.011 -30"><span class='ocrx_word' id='word_1_736' title='bbox 225 5561 580 5643; x_wconf 47' lang='lat' dir='ltr'><strong>got-istantjni</strong></span> <span class='ocrx_word' id='word_1_737' title='bbox 619 5561 988 5643; x_wconf 57' lang='lat' dir='ltr'><strong>lasittetillius</strong></span> <span class='ocrx_word' id='word_1_738' title='bbox 1013 5569 1172 5643; x_wconf 80' lang='lat' dir='ltr'><strong>forte,</strong></span> <span class='ocrx_word' id='word_1_739' title='bbox 1211 5589 1368 5639; x_wconf 86' lang='lat' dir='ltr'><strong>quem</strong></span> <span class='ocrx_word' id='word_1_740' title='bbox 1405 5561 1580 5637; x_wconf 67' lang='lat' dir='ltr'><strong>Anna,</strong></span> <span class='ocrx_word' id='word_1_741' title='bbox 1620 5561 1723 5630; x_wconf 79' lang='lat' dir='ltr'><strong>lib.</strong></span> <span class='ocrx_word' id='word_1_742' title='bbox 1750 5561 1802 5643; x_wconf 85' lang='lat' dir='ltr'><strong>v,</strong></span> 
     </span>
    </p>
   </div>
   <div class='ocr_carea' id='block_1_109' title="bbox 215 5630 1804 5714">
    <p class='ocr_par' dir='ltr' id='par_1_109' title="bbox 215 5630 1804 5714">
     <span class='ocr_line' id='line_1_109' title="bbox 215 5630 1804 5714; baseline 0.01 -30"><span class='ocrx_word' id='word_1_743' title='bbox 215 5630 374 5714; x_wconf 48' lang='lat' dir='ltr'><strong>Itali.</strong></span> <span class='ocrx_word' id='word_1_744' title='bbox 411 5634 710 5692; x_wconf 88' lang='lat' dir='ltr'><strong>auditorem</strong></span> <span class='ocrx_word' id='word_1_745' title='bbox 777 5630 944 5714; x_wconf 75' lang='lat' dir='ltr'><strong>fuisse</strong></span> <span class='ocrx_word' id='word_1_746' title='bbox 989 5641 1117 5714; x_wconf 10' lang='lat' dir='ltr'><strong>ait),</strong></span> <span class='ocrx_word' id='word_1_747' title='bbox 1162 5630 1512 5708; x_wconf 74' lang='lat' dir='ltr'><strong>collocatam,</strong></span> <span class='ocrx_word' id='word_1_748' title='bbox 1552 5630 1705 5700; x_wconf 83' lang='lat' dir='ltr'><strong>etab</strong></span> <span class='ocrx_word' id='word_1_749' title='bbox 1739 5630 1804 5700; x_wconf 76' lang='lat' dir='ltr'><strong>eo</strong></span> 
     </span>
    </p>
   </div>
   <div class='ocr_carea' id='block_1_110' title="bbox 215 5710 1803 5778">
    <p class='ocr_par' dir='ltr' id='par_1_110' title="bbox 215 5710 1803 5778">
     <span class='ocr_line' id='line_1_110' title="bbox 215 5710 1803 5778; baseline 0.012 -25"><span class='ocrx_word' id='word_1_750' title='bbox 215 5710 469 5778; x_wconf 60' lang='lat' dir='ltr'><strong>Pessime</strong></span> <span class='ocrx_word' id='word_1_751' title='bbox 496 5716 685 5778; x_wconf 87' lang='lat' dir='ltr'><strong>contra</strong></span> <span class='ocrx_word' id='word_1_752' title='bbox 724 5711 941 5778; x_wconf 77' lang='lat' dir='ltr'><strong>generis</strong></span> <span class='ocrx_word' id='word_1_753' title='bbox 972 5710 1296 5777; x_wconf 82' lang='lat' dir='ltr'><strong>dignitatem</strong></span> <span class='ocrx_word' id='word_1_754' title='bbox 1332 5717 1572 5770; x_wconf 88' lang='lat' dir='ltr'><strong>habitam</strong></span> <span class='ocrx_word' id='word_1_755' title='bbox 1606 5727 1660 5773; x_wconf 90' lang='lat' dir='ltr'><strong>et</strong></span> <span class='ocrx_word' id='word_1_756' title='bbox 1717 5719 1803 5771; x_wconf 79' lang='lat' dir='ltr'><strong>of-</strong></span> 
     </span>
    </p>
   </div>
   <div class='ocr_carea' id='block_1_111' title="bbox 214 5769 1800 5852">
    <p class='ocr_par' dir='ltr' id='par_1_111' title="bbox 214 5769 1800 5852">
     <span class='ocr_line' id='line_1_111' title="bbox 214 5769 1800 5852; baseline 0.011 -26"><span class='ocrx_word' id='word_1_757' title='bbox 214 5769 463 5852; x_wconf 68' lang='lat' dir='ltr'><strong>fensam,</strong></span> <span class='ocrx_word' id='word_1_758' title='bbox 493 5777 670 5852; x_wconf 78' lang='lat' dir='ltr'><strong>soluto</strong></span> <span class='ocrx_word' id='word_1_759' title='bbox 713 5769 1080 5846; x_wconf 66' lang='lat' dir='ltr'><strong>matrimonio,</strong></span> <span class='ocrx_word' id='word_1_760' title='bbox 1131 5783 1182 5836; x_wconf 90' lang='lat' dir='ltr'><strong>iu</strong></span> <span class='ocrx_word' id='word_1_761' title='bbox 1223 5769 1627 5842; x_wconf 73' lang='lat' dir='ltr'><strong>monasterium</strong></span> <span class='ocrx_word' id='word_1_762' title='bbox 1647 5769 1800 5842; x_wconf 23' lang='lat' dir='ltr'><strong>icon-</strong></span> 
     </span>
    </p>
   </div>
   <div class='ocr_carea' id='block_1_112' title="bbox 216 5845 709 5902">
    <p class='ocr_par' dir='ltr' id='par_1_112' title="bbox 216 5845 709 5902">
     <span class='ocr_line' id='line_1_112' title="bbox 216 5845 709 5902; baseline 0.012 -6"><span class='ocrx_word' id='word_1_763' title='bbox 216 5845 467 5897; x_wconf 84' lang='lat' dir='ltr'><strong>cessisse</strong></span> <span class='ocrx_word' id='word_1_764' title='bbox 500 5845 709 5902; x_wconf 87' lang='lat' dir='ltr'><strong>scribit.</strong></span> 
     </span>
    </p>
   </div>
   <div class='ocr_carea' id='block_1_113' title="bbox 303 5912 1801 6008">
    <p class='ocr_par' dir='ltr' id='par_1_113' title="bbox 303 5912 1801 6008">
     <span class='ocr_line' id='line_1_113' title="bbox 303 5912 1801 6008; baseline 0.016 -46"><span class='ocrx_word' id='word_1_765' title='bbox 303 5912 379 5984; x_wconf 84' lang='lat'><strong>(7)</strong></span> <span class='ocrx_word' id='word_1_766' title='bbox 415 5917 629 6008; x_wconf 67' lang='grc' dir='ltr'>Μαρία.</span> <span class='ocrx_word' id='word_1_767' title='bbox 673 5918 802 5985; x_wconf 76' lang='lat' dir='ltr'><strong>Qua:</strong></span> <span class='ocrx_word' id='word_1_768' title='bbox 851 5919 1110 5994; x_wconf 80' lang='lat' dir='ltr'><strong>Gregorio</strong></span> <span class='ocrx_word' id='word_1_769' title='bbox 1138 5923 1330 5981; x_wconf 81' lang='lat' dir='ltr'><strong>Gabrac</strong></span> <span class='ocrx_word' id='word_1_770' title='bbox 1387 5935 1542 5996; x_wconf 83' lang='lat' dir='ltr'><strong>pacta</strong></span> <span class='ocrx_word' id='word_1_771' title='bbox 1605 5935 1657 5985; x_wconf 87' lang='lat' dir='ltr'><strong>et</strong></span> <span class='ocrx_word' id='word_1_772' title='bbox 1707 5929 1801 5986; x_wconf 81' lang='lat' dir='ltr'><strong>dc-</strong></span> 
     </span>
    </p>
   </div>
   <div class='ocr_carea' id='block_1_114' title="bbox 1914 5363 3492 5438">
    <p class='ocr_par' dir='ltr' id='par_1_114' title="bbox 1914 5363 3492 5438">
     <span class='ocr_line' id='line_1_114' title="bbox 1914 5363 3492 5438; baseline -0.001 -16"><span class='ocrx_word' id='word_1_773' title='bbox 1914 5385 2111 5437; x_wconf 85' lang='lat' dir='ltr'><strong>sponsa</strong></span> <span class='ocrx_word' id='word_1_774' title='bbox 2149 5369 2360 5435; x_wconf 78' lang='lat' dir='ltr'><strong>eiurato</strong></span> <span class='ocrx_word' id='word_1_775' title='bbox 2394 5367 2736 5438; x_wconf 85' lang='lat' dir='ltr'><strong>postmodum</strong></span> <span class='ocrx_word' id='word_1_776' title='bbox 2791 5363 3492 5438; x_wconf 58' lang='lat' dir='ltr'><strong>amnitate,_Nicepliorum</strong></span> 
     </span>
    </p>
   </div>
   <div class='ocr_carea' id='block_1_115' title="bbox 1905 5435 3492 5509">
    <p class='ocr_par' dir='ltr' id='par_1_115' title="bbox 1905 5435 3492 5509">
     <span class='ocr_line' id='line_1_115' title="bbox 1905 5435 3492 5509; baseline -0.003 -16"><span class='ocrx_word' id='word_1_777' title='bbox 1905 5435 2243 5493; x_wconf 71' lang='lat' dir='ltr'><strong>Cimstanliui</strong></span> <span class='ocrx_word' id='word_1_778' title='bbox 2284 5435 2628 5509; x_wconf 86' lang='lat' dir='ltr'><strong>Euphorbcni</strong></span> <span class='ocrx_word' id='word_1_779' title='bbox 2676 5437 3026 5509; x_wconf 77' lang='lat' dir='ltr'><strong>Catacalouis</strong></span> <span class='ocrx_word' id='word_1_780' title='bbox 3083 5435 3274 5509; x_wconf 78' lang='lat' dir='ltr'><strong>lilium,</strong></span> <span class='ocrx_word' id='word_1_781' title='bbox 3327 5437 3492 5489; x_wconf 78' lang='lat' dir='ltr'><strong>seba-</strong></span> 
     </span>
    </p>
   </div>
   <div class='ocr_carea' id='block_1_116' title="bbox 1904 5507 3493 5576">
    <p class='ocr_par' dir='ltr' id='par_1_116' title="bbox 1904 5507 3493 5576">
     <span class='ocr_line' id='line_1_116' title="bbox 1904 5507 3493 5576; baseline -0.004 -13"><span class='ocrx_word' id='word_1_782' title='bbox 1904 5518 2258 5563; x_wconf 86' lang='lat' dir='ltr'><strong>stocratorem</strong></span> <span class='ocrx_word' id='word_1_783' title='bbox 2301 5526 2329 5562; x_wconf 84' lang='lat' dir='ltr'><strong>a</strong></span> <span class='ocrx_word' id='word_1_784' title='bbox 2365 5507 2560 5564; x_wconf 84' lang='lat' dir='ltr'><strong>socero</strong></span> <span class='ocrx_word' id='word_1_785' title='bbox 2601 5507 2958 5576; x_wconf 83' lang='lat' dir='ltr'><strong>appellatum,</strong></span> <span class='ocrx_word' id='word_1_786' title='bbox 2988 5507 3160 5570; x_wconf 85' lang='lat' dir='ltr'><strong>duxit,</strong></span> <span class='ocrx_word' id='word_1_787' title='bbox 3195 5516 3249 5559; x_wconf 88' lang='lat' dir='ltr'><strong>ut</strong></span> <span class='ocrx_word' id='word_1_788' title='bbox 3288 5518 3493 5576; x_wconf 82' lang='lat' dir='ltr'><strong>auctor</strong></span> 
     </span>
    </p>
   </div>
   <div class='ocr_carea' id='block_1_117' title="bbox 1904 5575 3489 5645">
    <p class='ocr_par' dir='ltr' id='par_1_117' title="bbox 1904 5575 3489 5645">
     <span class='ocr_line' id='line_1_117' title="bbox 1904 5575 3489 5645; baseline -0.004 -11"><span class='ocrx_word' id='word_1_789' title='bbox 1904 5590 1992 5634; x_wconf 86' lang='lat' dir='ltr'><strong>cst</strong></span> <span class='ocrx_word' id='word_1_790' title='bbox 2027 5579 2289 5634; x_wconf 77' lang='lat' dir='ltr'><strong>Zonaras.</strong></span> <span class='ocrx_word' id='word_1_791' title='bbox 2330 5580 2402 5634; x_wconf 77' lang='lat' dir='ltr'><strong>Ex</strong></span> <span class='ocrx_word' id='word_1_792' title='bbox 2438 5580 2520 5631; x_wconf 90' lang='lat' dir='ltr'><strong>his</strong></span> <span class='ocrx_word' id='word_1_793' title='bbox 2551 5575 2756 5645; x_wconf 83' lang='lat' dir='ltr'><strong>nuptiis</strong></span> <span class='ocrx_word' id='word_1_794' title='bbox 2785 5577 2898 5631; x_wconf 88' lang='lat' dir='ltr'><strong>nati</strong></span> <span class='ocrx_word' id='word_1_795' title='bbox 2935 5577 3156 5632; x_wconf 84' lang='lat' dir='ltr'><strong>Alexins</strong></span> <span class='ocrx_word' id='word_1_796' title='bbox 3187 5587 3240 5627; x_wconf 92' lang='lat' dir='ltr'><strong>et</strong></span> <span class='ocrx_word' id='word_1_797' title='bbox 3271 5575 3489 5628; x_wconf 82' lang='lat' dir='ltr'><strong>Andro-</strong></span> 
     </span>
    </p>
   </div>
   <div class='ocr_carea' id='block_1_118' title="bbox 1905 5647 3492 5726">
    <p class='ocr_par' dir='ltr' id='par_1_118' title="bbox 1905 5647 3492 5726">
     <span class='ocr_line' id='line_1_118' title="bbox 1905 5647 3492 5726; baseline -0.004 -24"><span class='ocrx_word' id='word_1_798' title='bbox 1905 5651 2203 5726; x_wconf 54' lang='lat' dir='ltr'><strong>Ili_t:tt3_,“qtli</strong></span> <span class='ocrx_word' id='word_1_799' title='bbox 2238 5651 2328 5704; x_wconf 84' lang='lat' dir='ltr'><strong>lilii</strong></span> <span class='ocrx_word' id='word_1_800' title='bbox 2359 5649 2457 5726; x_wconf 72' lang='grc' dir='ltr'>τῇς</span> <span class='ocrx_word' id='word_1_801' title='bbox 2501 5647 3026 5726; x_wconf 69' lang='grc' dir='ltr'>Πορφυρογεννήτου</span> <span class='ocrx_word' id='word_1_802' title='bbox 3051 5647 3492 5726; x_wconf 41' lang='grc' dir='ltr'>Μαρίαςηιᾏιιηῳ</span> 
     </span>
    </p>
   </div>
   <div class='ocr_carea' id='block_1_119' title="bbox 1905 5719 3490 5795">
    <p class='ocr_par' dir='ltr' id='par_1_119' title="bbox 1905 5719 3490 5795">
     <span class='ocr_line' id='line_1_119' title="bbox 1905 5719 3490 5795; baseline -0.002 -24"><span class='ocrx_word' id='word_1_803' title='bbox 1905 5719 2290 5795; x_wconf 28' lang='grc' dir='ltr'><strong>αὑταδέλφᾼης,</strong></span> <span class='ocrx_word' id='word_1_804' title='bbox 2355 5722 2611 5795; x_wconf 75' lang='lat' dir='ltr'><strong>dicuntur</strong></span> <span class='ocrx_word' id='word_1_805' title='bbox 2645 5720 2724 5795; x_wconf 37' lang='lat' dir='ltr'><strong>‘in</strong></span> <span class='ocrx_word' id='word_1_806' title='bbox 2790 5719 3063 5795; x_wconf 65' lang='lat' dir='ltr'><strong>sententia</strong></span> <span class='ocrx_word' id='word_1_807' title='bbox 3129 5719 3490 5795; x_wconf 77' lang='lat' dir='ltr'><strong>depositionis</strong></span> 
     </span>
    </p>
   </div>
   <div class='ocr_carea' id='block_1_120' title="bbox 1912 5786 3486 5865">
    <p class='ocr_par' dir='ltr' id='par_1_120' title="bbox 1912 5786 3486 5865">
     <span class='ocr_line' id='line_1_120' title="bbox 1912 5786 3486 5865; baseline -0.005 -22"><span class='ocrx_word' id='word_1_808' title='bbox 1912 5790 2124 5865; x_wconf 49' lang='lat' dir='ltr'><strong>(lusura:</strong></span> <span class='ocrx_word' id='word_1_809' title='bbox 2155 5786 2314 5865; x_wconf 42' lang='lat' dir='ltr'><strong>Fair.</strong></span> <span class='ocrx_word' id='word_1_810' title='bbox 2502 5807 2592 5865; x_wconf 49' lang='lat' dir='ltr'><strong>an:</strong></span> <span class='ocrx_word' id='word_1_811' title='bbox 2633 5788 2766 5865; x_wconf 85' lang='lat' dir='ltr'><strong>_Chr.</strong></span> <span class='ocrx_word' id='word_1_812' title='bbox 2804 5788 2964 5853; x_wconf 73' lang='lat' dir='ltr'><strong>HM,</strong></span> <span class='ocrx_word' id='word_1_813' title='bbox 3009 5786 3147 5855; x_wconf 86' lang='lat' dir='ltr'><strong>apud</strong></span> <span class='ocrx_word' id='word_1_814' title='bbox 3205 5786 3486 5865; x_wconf 63' lang='lat' dir='ltr'><strong>Allatiutn,</strong></span> 
     </span>
    </p>
   </div>
   <div class='ocr_carea' id='block_1_121' title="bbox 1918 5855 3511 5931">
    <p class='ocr_par' dir='ltr' id='par_1_121' title="bbox 1918 5855 3511 5931">
     <span class='ocr_line' id='line_1_121' title="bbox 1918 5855 3511 5931; baseline -0.001 -21"><span class='ocrx_word' id='word_1_815' title='bbox 1918 5859 1990 5912; x_wconf 81' lang='lat' dir='ltr'><strong>De</strong></span> <span class='ocrx_word' id='word_1_816' title='bbox 2054 5860 2195 5931; x_wconf 61' lang='lat' dir='ltr'><strong>I’rcl.</strong></span> <span class='ocrx_word' id='word_1_817' title='bbox 2243 5861 2427 5917; x_wconf 77' lang='lat' dir='ltr'><strong>()ccid.</strong></span> <span class='ocrx_word' id='word_1_818' title='bbox 2469 5872 2514 5915; x_wconf 84' lang='lat' dir='ltr'><strong>et</strong></span> <span class='ocrx_word' id='word_1_819' title='bbox 2550 5859 2755 5917; x_wconf 79' lang='lat' dir='ltr'><strong>Orient;</strong></span> <span class='ocrx_word' id='word_1_820' title='bbox 2809 5874 2957 5930; x_wconf 66' lang='grc' dir='ltr'>ηενρ.</span> <span class='ocrx_word' id='word_1_821' title='bbox 3008 5873 3244 5912; x_wconf 70' lang='lat' dir='ltr'><strong>consent.</strong></span> <span class='ocrx_word' id='word_1_822' title='bbox 3298 5855 3390 5911; x_wconf 84' lang='lat' dir='ltr'><strong>lib.</strong></span> <span class='ocrx_word' id='word_1_823' title='bbox 3427 5869 3511 5931; x_wconf 67' lang='lat' dir='ltr'><strong>tt,</strong></span> 
     </span>
    </p>
   </div>
   <div class='ocr_carea' id='block_1_122' title="bbox 1912 5930 2152 6002">
    <p class='ocr_par' dir='ltr' id='par_1_122' title="bbox 1912 5930 2152 6002">
     <span class='ocr_line' id='line_1_122' title="bbox 1912 5930 2152 6002; baseline 0 -16"><span class='ocrx_word' id='word_1_824' title='bbox 1912 5946 2027 6002; x_wconf 68' lang='grc' dir='ltr'>ουρ.</span> <span class='ocrx_word' id='word_1_825' title='bbox 2067 5930 2152 5986; x_wconf 70' lang='lat' dir='ltr'><strong>l‘l.</strong></span> 
     </span>
    </p>
   </div>
  </div>
