3960 6582
445 426 583 496 1203

440 638 498 690 in
544 636 875 691 cruciatibus
905 636 1316 701 acerbissimis;
1352 638 1499 691 illinc
1536 640 1905 694 commoricns
1929 641 2009 695 ei-

441 730 562 783 dem
620 738 815 791 mater,
873 742 1063 795 meque
1099 744 1202 796 qua
1234 730 1505 800 exemplo,
1538 746 1641 801 qua
1683 747 1869 788 amore
1924 735 2007 787 sui

439 820 688 873 eumdem
729 820 781 873 in
810 835 997 875 casum
1030 830 1226 890 sponte
1259 822 1537 877 incitatam
1586 834 1836 881 tranens.
1864 827 2009 893 Quo-

439 912 653 978 cunque
680 909 847 978 igitur
876 926 963 963 me
991 920 1281 977 verterem,
1314 915 1523 981 perdita
1546 918 1764 972 omnia:
1798 918 2011 984 lataque

438 1010 493 1054 et
524 1002 832 1055 savissimis
857 1003 1073 1056 horrida
1101 1004 1353 1059 ﬂuctibus
1393 1008 1557 1059 maria
1589 1010 1733 1063 velut
1764 1012 2007 1078 quietam

437 1094 817 1147 occurrebant.
846 1094 1108 1162 Rapiebat
1135 1098 1200 1149 ad
1231 1112 1350 1152 sese
1383 1107 1561 1153 tamen
1594 1116 1787 1169 meque
1822 1102 2013 1171 allige-

438 1180 531 1233 bat
592 1182 693 1235 sibi
755 1181 921 1238 cladis
973 1185 1086 1252 ipse
1152 1185 1271 1241 fons
1317 1188 1493 1243 omnis
1532 1192 1803 1245 emoriens
1835 1203 2007 1260 pater.

440 1269 594 1327 Hunc
652 1273 920 1339 intuebar,
996 1276 1139 1331 hunc
1171 1280 1475 1345 servabam,
1529 1281 1655 1336 huic
1705 1294 2007 1337 extremum

435 1364 547 1431 jam
602 1379 743 1431 aegre
802 1366 1103 1420 anhelitum
1141 1369 1375 1425 trahenti
1406 1383 1662 1426 constans
1687 1373 2007 1443 obsequium

438 1456 509 1519 pii
539 1457 829 1512 ministerii
862 1462 1343 1527 reprrsentabam,
1373 1479 1567 1531 nempe
1600 1466 1642 1519 is
1674 1467 1839 1520 animi
1872 1468 2008 1521 deli-

426 1548 624 1614 quium
677 1549 728 1600 in
770 1565 967 1603 novum
1014 1552 1199 1620 lapsus
1230 1556 1511 1624 satagendi
1557 1571 1779 1612 causam
1822 1560 2007 1621 dabat.

442 1655 563 1693 mox
618 1642 969 1709 exsliiraturi,
1007 1644 1058 1697 ni
1091 1658 1523 1715 succurreretur,
1552 1651 1789 1720 speciem
1820 1654 2008 1721 praefe-

440 1746 584 1785 rens.
618 1734 858 1787 Accessit
888 1735 951 1787 ad
978 1736 1354 1804 raputiterum
1386 1739 1708 1795 charissima
1750 1760 2007 1812 germana

438 1836 558 1876 mea
617 1821 1079 1894 Porphyrogcnita
1136 1827 1326 1895 Maria,
1367 1840 1421 1885 et
1478 1833 1621 1901 quod
1678 1836 1831 1902 prius
1885 1851 2006 1889 cum

1732 435 1956 496 ΑΝΝᾸΞ
1993 434 2370 496 ΕΟΜΝΕΝΑΞ

444 542 771 599 miserabilis
806 542 1016 598 furendi
1044 557 1207 598 causa
1231 544 1360 600 hinc
1398 544 1635 599 animam
1664 563 1833 615 agens
1867 559 2006 618 patet

2124 548 2217 600 καὶ
2256 548 2355 599 οὐκ
2386 543 2531 615 εἶχον
2568 546 2649 598 ὅτι
2730 584 2745 602 .
2825 585 2840 599 .

3562 431 3699 497 1204

2928 586 2941 598 .
3022 564 3122 615 μαι
3142 544 3236 599 καὶ
3268 550 3342 619 πῆ
3371 546 3694 618 τράπωμαι,

2117 638 2299 709 ὁρῶσα
2328 640 2430 702 τήν
2480 653 2538 687 τε
2620 678 2633 691 .
2714 675 2729 689 .
2804 635 2867 688 δα
2917 638 2995 699 εἰς
3039 636 3131 688 τὸν
3185 637 3380 690 πόντον
3414 637 3695 705 ὲμδεϐληυ

2119 733 2289 800 μένην
2326 730 2437 782 τῶν
2477 728 2772 797 συμφορῶν
2796 744 2810 758 ·
2873 728 2966 781 καὶ
3004 728 3094 780 τὸν
3131 730 3521 798 αὐτοκράτορα
3571 733 3692 792 ταῖς

2447 859 2463 875 .
2543 861 2557 875 .
2616 859 2661 890 ,.
2741 862 2755 876 .
2836 861 2849 874 .
2927 823 3006 883 εἰς
3053 820 3353 891 τοῦσχατον
3406 822 3504 889 τῆς
3550 820 3697 889 ζωῆς

2116 915 2496 981 ἐλαυνόμενον.
2592 913 2755 967 Ἀλλὰ
2830 912 2926 965 καὶ
3003 949 3020 966 .

2116 1008 2537 1079 ὲπιρῤανοὲντος
2563 1005 2770 1077 ψυχροῦ
2800 1008 2893 1058 καὶ
2919 1006 3011 1057 τοῦ
3043 1005 3147 1058 τῶν
3177 1006 3347 1074 ῥόδων
3374 1006 3691 1073 σταλάγμα-

2118 1119 2211 1163 τος
2282 1101 2432 1167 παρὰ
2470 1100 2565 1167 τῆς
2610 1100 2873 1167 φιλτάτης
2906 1099 3045 1167 ἐμῆς
3082 1099 3320 1167 ἀδελφῆς
3351 1098 3590 1166 Μαρίας,
3624 1100 3698 1151 τὰ

2115 1189 2254 1242 αὐτὰ
2297 1192 2391 1241 καὶ
2424 1190 2552 1256 περὶ
2596 1189 2708 1241 τῶν
2743 1187 2922 1241 αὐτῶν
2970 1189 3287 1257 ἐπέσκηπτε
3313 1193 3375 1253 τῇ
3431 1189 3694 1257 βασιλίδι,

2115 1282 2212 1334 καὶ
2250 1281 2416 1334 πάλιν
2455 1284 2536 1344 εἰς
2570 1282 2764 1349 τρίτην
2797 1280 3163 1348 λειποθυμίαν
3200 1281 3497 1333 ἐνέπιπτεν
3577 1321 3593 1337 .
3679 1323 3693 1336 .

2209 1412 2222 1427 .
2304 1374 2399 1427 καὶ
2448 1374 2785 1442 μετάστασις
2829 1373 2976 1438 ἔδοξε
3023 1375 3089 1441 τῇ
3133 1372 3388 1441 βασιλικῇ
3435 1374 3595 1446 κλίνῃ
3679 1413 3694 1426 .

2209 1506 2223 1520 .
2301 1465 2410 1517 τῶν
2447 1464 2591 1533 ἀμφὶ
2638 1464 2701 1516 τὸ
2743 1464 2906 1532 σῶμα
2945 1465 3157 1516 ἐκείνου
3197 1463 3532 1518 πονούντων.
3582 1466 3699 1517 Καὶ

2114 1571 2184 1622 με
2261 1594 2275 1608 .
2357 1594 2371 1607 .
2454 1595 2468 1608 .
2547 1554 2642 1613 καὶ
2688 1553 3113 1622 μετεστήσαμεν
3161 1554 3255 1605 τὶν
3302 1554 3702 1622 αὐτοκράτορα

2118 822 2370 891 συνεχέσι

3323 951 3338 966 .
3414 914 3565 980 αὐτῷ
3646 914 3697 945 ιι

2773 1644 2941 1714 μέρος
2988 1644 3181 1713 ἕτερον
3215 1644 3312 1696 τοῦ
3351 1646 3700 1711 πεντορόφου

3182 1776 3195 1791 .
3273 1740 3321 1789 οἱ
3367 1738 3557 1790 ἑλευτῦε
3570 1737 3703 1805 pati»

3492 1830 3701 1893 ουινίνς

2112 1646 2408 1713 κλινοπετῆ
2486 1686 2499 1696 .
2582 1684 2597 1698 .
2677 1685 2689 1699 .

2110 1740 2411 1809 οἰκήματος
2428 1740 2481 1792 ετ
2512 1738 2613 1791 πού
2646 1754 2708 1806 γε
2786 1776 2803 1793 .

2113 1850 2275 1902 τερον
2316 1832 2747 1885 ἀναπνεύσαντα
2794 1831 2931 1901 ἀέρα
2982 1831 3080 1897 τῆς
3143 1830 3224 1883 λει
3303 1870 3318 1884 .
3397 1868 3413 1883 .

439 1926 694 1968 successu
734 1923 1059 1981 teutaverat,
1094 1917 1343 1987 frigidam
1398 1921 1652 1990 inspersit
1682 1925 1870 1991 vultui,
1907 1928 2006 1980 eli-

2115 1924 2454 1990 ἀνενεγκεῖν.
2523 1922 2831 1975 Ἀπέελεπε
2876 1922 2985 1988 γὰρ
3019 1921 3079 1973 τὸ
3117 1922 3285 1989 μέρος
3325 1924 3509 1973 ἐκεῖνο
3554 1922 3700 1991 πρὸς

436 2015 776 2075 quatumque
811 2022 841 2060 e
878 2008 1019 2065 rosis
1078 2024 1299 2065 succum
1334 2012 1385 2065 in
1416 2028 1497 2078 os,
1529 2026 1585 2067 ut
1622 2018 1792 2086 prius,
1826 2018 2005 2072 instil-

438 2097 588 2152 lavit.
629 2098 725 2155 llic
776 2101 925 2155 brevi
965 2112 1245 2158 recreatus
1295 2104 1582 2160 intervallo
1638 2119 1812 2177 pater,
1841 2108 2007 2162 intui-

438 2196 631 2258 tusque
661 2206 783 2256 nos,
808 2207 871 2245 ac
904 2207 1000 2263 pro
1028 2209 1126 2247 sua
1165 2204 1451 2249 constante
1478 2197 1542 2249 ad
1568 2207 1868 2252 extremum
1910 2214 2007 2253 uo-

436 2282 532 2335 stri
590 2282 875 2349 charitate,
937 2285 1159 2354 paribus
1222 2287 1510 2342 admodum
1548 2291 1727 2345 verbis
1775 2308 1895 2344 cum
1938 2292 2004 2347 its

436 2385 555 2438 quae
595 2373 751 2441 paulo
782 2385 907 2429 ante
940 2377 1244 2443 retulimus,
1283 2388 1513 2434 matrem
1559 2397 1763 2450 nosque
1797 2382 2005 2439 allocu-

439 2472 543 2527 tus,
582 2465 794 2518 tertiam
855 2467 907 2520 in
938 2468 1297 2523 defectionem
1344 2470 1554 2536 incidit,
1590 2474 1675 2527 cui
1703 2476 2000 2529 remedium

436 2556 732 2611 mutatione
782 2559 1041 2625 cubiculi,
1073 2560 1534 2633 translationeque
1589 2566 1712 2620 lecti
1749 2582 2001 2635 quaeren-

433 2647 561 2700 dum
620 2665 881 2705 censuere
909 2653 1000 2720 qui
1054 2654 1199 2708 circa
1232 2669 1432 2722 mgrum
1467 2657 1556 2709 tali
1615 2656 1737 2713 loco
1769 2664 1999 2726 p0situm

434 2738 716 2793 curabant.
748 2740 1264 2810 Transportavintus
1290 2744 1453 2813 igitur
1488 2746 1790 2815 Augustum
1821 2747 1873 2800 in
1907 2765 2001 2801 cu-

432 2831 527 2886 bili
588 2849 749 2901 super
801 2850 910 2903 quo
944 2836 1186 2904 iacebat,
1220 2838 1271 2892 in
1309 2848 1514 2908 partem
1561 2841 1784 2893 alteram
1822 2842 2003 2910 palatii

435 2926 675 2992 quinque
702 2926 935 2994 fastigiis
988 2924 1241 2999 insignis,
1271 2930 1323 2984 in
1353 2947 1462 2999 quo
1497 2930 1625 2986 tunc
1653 2935 2000 2987 versabatur.

436 3016 568 3070 Erat
601 3019 742 3072 enim
781 3020 865 3071 illa
894 3021 1059 3075 altera
1088 3036 1214 3089 pars
1240 3022 1307 3077 ad
1342 3023 1609 3077 salubrius
1640 3026 1865 3079 obversa
1893 3042 2002 3081 ce:-

2108 2013 2336 2085 βορῤᾶν.
2374 2014 2483 2066 Καὶ
2523 2014 2806 2083 οἰκήματα
2842 2013 3081 2081 οὐδαμοῦ
3111 2008 3252 2082 ἦσαν
3296 2014 3387 2065 ὲπι

2106 2108 2302 2161 θοῦντα
2340 2110 2459 2169 ταῖς
2507 2108 2723 2177 θύραις.
2778 2106 2921 2159 Ἀλλ’
2964 2110 2991 2159 ὀ
3038 2109 3134 2170 vi;
3186 2106 3463 2174 βασιλείας
3513 2107 3698 2161 διάδο-

2104 2216 2207 2270 χος,
2242 2199 2319 2265 (8;
2366 2198 2693 2266 προφθάσας
2728 2197 2954 2267 timeas:
2985 2199 3126 2266 πρὸς
3170 2198 3229 2249 τὸ
3283 2200 3697 2267 ἀποτεταμένον

2104 2291 2313 2359 οἴκημα.
2355 2290 2449 2342 τὸν
2496 2288 2589 2341 τοῦ
2638 2286 2904 2355 βασιλέως
2956 2288 3217 2353 ἐπιγνοὺς
3264 2290 3400 2339 ἀναν
3479 2330 3494 2343 .
3579 2329 3593 2343 .
3675 2328 3693 2343 .

2104 2380 2197 2434 καὶ
2233 2378 2539 2433 ὲπέσπευδε
2582 2379 2684 2449 τὴν
2722 2379 3023 2443 ὲξέλευσιν.
3079 2380 3189 2430 Καὶ
3236 2379 3495 2446 ἐπείγετο
3572 2418 3590 2433 .
3672 2418 3690 2434 .

2312 2472 2456 2542 μέγα
2528 2470 2817 2524 παλάτιον.
2879 2471 2945 2524 Ἠ
3006 2470 3162 2533 πόλις
3210 2468 3267 2522 δὲ
3324 2468 3384 2521 τὸ
3426 2469 3693 2538 τηνικάδε

2670 2561 2951 2633 ἐταράχθη
3020 2563 3154 2631 γὰρ,
3223 2562 3284 2614 οὐ
3340 2560 3544 2630 μέντοι
3592 2560 3693 2615 καὶ

2631 2696 2645 2712 .
2732 2696 2747 2720 ,
2825 2656 2859 2725 ἠ
2891 2654 2946 2707 δέ
2987 2671 3049 2722 γε
3093 2653 3309 2722 βασιλὶς
3338 2654 3591 2724 ὲρῤἔιρθω
3621 2654 3694 2707 τὰ

2938 2782 2955 2802 .
3046 2787 3063 2802 .
3140 2745 3383 2798 κοκωτοῦ
3449 2747 3515 2807 ⁸⁸,
3593 2748 3692 2799 καὶ

2103 2841 2339 2908 διάδημα
2386 2840 2480 2892 καὶ
2532 2840 2786 2911 βασιλεία
2861 2878 2876 2893 .
2958 2880 2972 2893 .
3055 2877 3068 2892 .
3148 2841 3351 2907 κράτος
3390 2839 3539 2892 ἅπαν
3591 2844 3691 2892 καὶ

2107 2931 2287 3001 (θρόνοι
2320 2949 2376 2985 τε
2419 2935 2513 2985 καὶ
2549 2932 2719 3002 ἀρχαὶ
2795 2970 2811 2986 .
2893 2968 2907 2983 .
2989 2969 3003 2984 .
3081 2929 3405 2999 Θρηνῳδίας.
3442 2932 3690 2983 Συνεπε-

2108 3020 2317 3074 κὼκυον
2369 3023 2424 3075 δὲ
2471 3022 2567 3075 καὶ
2642 3062 2656 3076 .
2738 3062 2753 3077 .
2833 3060 2847 3075 .
2928 3064 2942 3079 .
3021 3024 3513 3090 καταφρονήσασα.
3576 3023 3690 3075 Καὶ

2106 2657 2458 2711 παντάπασιν
2535 2693 2550 2709 .

2108 2750 2287 2801 πάντα
2345 2749 2438 2800 alr:
2512 2785 2528 2800 .
2611 2785 2627 2801 .

435 3107 588 3173 lum,
630 3114 1025 3181 septentriones
1076 3126 1361 3181 spectans;
1417 3131 1515 3171 nec
1582 3128 1855 3185 portarum
1911 3129 2005 3173 aut

2115 3115 2472 3167 συνεπὲνοουν
2568 3154 2582 3168 .
2680 3154 2694 3170 .
2800 3156 2811 3169 .
2904 3115 2998 3168 καὶ
3064 3114 3415 3179 ἐσπάραττον
3483 3113 3689 3174 ἑαυτὰς

435 3212 799 3259 astructarum
828 3207 949 3262 ullis
996 3208 1241 3263 obicibus
1261 3209 1457 3263 aedium
1481 3226 1543 3262 ac
1573 3211 1789 3265 molium
1819 3214 2000 3281 appul-

2115 3208 2297 3275 γοερὸν
2326 3206 2634 3275 evomam
2711 3245 2726 3261 .
2808 3246 2822 3261 .
2902 3245 2917 3262 .
2994 3245 3012 3261 .
3091 3246 3106 3259 .
3183 3207 3263 3266 εἰς
3293 3204 3527 3272 δύναμιν
3561 3209 3695 3256 ἄνες

435 3313 537 3352 sus
593 3299 645 3351 iu
697 3315 814 3352 eam
864 3315 1010 3354 aurae
1043 3300 1276 3369 purioris
1324 3301 1729 3370 prohibebatur.
1780 3302 2000 3360 Interim

434 3404 567 3441 vero
608 3390 732 3442 dum
780 3406 874 3457 spe
907 3392 1202 3459 recipiendi
1247 3408 1277 3446 e
1326 3408 1464 3447 novo
1510 3396 1613 3447 isto
1644 3406 2007 3466 symptomate

440 3479 783 3545 imperatoris
810 3482 861 3536 in
913 3497 979 3537 eo
1018 3486 1435 3552 transportando
1472 3486 1851 3552 moliebantur,
1880 3504 2005 3544 suc-

437 3584 625 3624 cessor
688 3572 897 3639 imperii
930 3584 1110 3627 actum
1153 3577 1219 3629 de
1249 3577 1353 3629 vita
1416 3578 1721 3632 decessoris
1755 3581 1888 3632 satis
1922 3580 2003 3632 iu-

432 3662 711 3731 telligens,
747 3665 884 3718 clam
940 3666 1156 3735 elapsus
1206 3682 1273 3722 ex
1326 3668 1392 3722 iis
1441 3669 1649 3723 {edibus
1709 3670 1761 3723 in
1802 3671 2002 3737 quibus

437 3770 577 3823 aeger
614 3756 966 3813 decumbebat
998 3762 1289 3829 Augustus,
1325 3776 1577 3829 magnum
1620 3762 1877 3830 palatium
1911 3778 2006 3818 oc-

437 3862 640 3915 cupare
698 3849 1005 3907 festinavit:
1052 3851 1358 3909 admirante
1398 3852 1643 3921 quidem,
1676 3862 1730 3908 et
1758 3854 2005 3918 aliquan-

438 3948 550 3993 tum
592 3951 883 4006 commota,
930 3942 1131 3996 nullam
1163 3954 1338 3997 tamen
1374 3945 1479 3997 vim
1526 3946 1847 4012 cxpedieute
1871 3948 2005 4001 civi-

441 4041 571 4089 tate.
605 4032 728 4088 Fuit
759 4035 874 4088 inec
897 4037 1078 4104 gravis
1107 4036 1349 4091 accessio
1368 4040 1431 4091 ad
1463 4053 1733 4092 :crumnas
1757 4040 2009 4107 Auguste

441 4125 669 4192 priores.
700 4125 883 4179 Palam
911 4137 1030 4180 erat
1061 4128 1163 4181 alia
1189 4128 1442 4199 deinceps
1466 4132 1518 4184 in
1553 4146 1732 4197 manu,
1766 4132 1887 4185 aliis
1912 4133 2010 4185 ad-

441 4216 862 4271 ministrandam
896 4217 1138 4273 consiliis
1164 4235 1471 4289 supremam
1514 4222 1628 4275 fore
1649 4232 1997 4292 potestatem,

443 4325 564 4365 sese
594 4325 717 4363 mox
747 4311 908 4365 simul
941 4312 1237 4366 orbaudam
1276 4315 1526 4384 conjuge,
1555 4316 1712 4369 simul
1761 4316 2009 4383 redigen-

442 4404 565 4458 dam
604 4405 656 4458 in
698 4406 1055 4470 ordiuem;et
1093 4408 1371 4463 viduitatis
1420 4410 1619 4464 malum
1650 4425 1743 4480 per
1768 4423 1830 4465 rte
1863 4409 2006 4463 into-

439 4490 683 4558 lerabile,
746 4494 1019 4549 servitutis
1087 4511 1298 4563 quoque
1342 4512 1404 4552 ac
1455 4508 1673 4553 mutata:
1726 4499 1905 4552 subito
1936 4514 2002 4553 ex

442 4599 655 4639 summo
681 4585 734 4639 in
757 4585 1000 4639 infimum
1024 4589 1349 4642 conditionis
1372 4588 1568 4643 damno
1598 4590 2007 4645 cumulandum.

442 4675 561 4737 Non
590 4677 700 4746 jatn
737 4692 869 4745 ergo
904 4680 1077 4732 virum
1132 4679 1305 4733 solum
1338 4679 1532 4735 alllicta
1576 4681 1719 4734 luctu
1773 4683 2009 4752 Augusta

442 4770 785 4842 deplorabat,
813 4772 905 4825 sed
940 4771 1225 4839 imperium
1268 4782 1523 4840 prmtcrea
1563 4790 1624 4827 ac
1652 4775 2011 4843 principalem

442 4861 862 4927 auctoritatem;
900 4863 1198 4932 harumque
1224 4878 1400 4916 rerum
1432 4863 1663 4934 insignia
1696 4880 2013 4932 purpuram,

444 4952 713 5016 diadema,
767 4953 998 5018 solium;
1034 4963 1165 5023 quot
1194 4961 1502 5022 quantaque
1548 4966 1860 5024 argumenta
1898 4972 2005 5009 non

442 5046 948 5113 rcprehensibilium
992 5047 1396 5117 lacrymarum!
1452 5048 1616 5120 504
1680 5049 1864 5118 Itaque
1920 5048 2008 5102 illa

443 5135 759 5205 indulgente
809 5136 979 5190 dolori
1018 5136 1185 5204 justo,
1215 5137 1527 5207 nullumque
1584 5155 1688 5191 non
1748 5140 2008 5193 iudicium

445 5228 681 5284 extremi
736 5229 987 5281 maeroris
1043 5230 1270 5296 ejulatu,
1326 5227 1475 5294 ﬂetu,
1534 5230 1769 5297 planctu,
1836 5232 2012 5299 palam

446 5322 659 5385 edente,
721 5321 1155 5375 obsecundabam
1219 5336 1319 5391 ego
1373 5336 1592 5391 quoque
1651 5324 1704 5376 in
1756 5324 2013 5379 omnibus

445 5420 685 5476 strenue,
712 5425 1085 5481 praeeramque
1113 5412 1280 5466 choro
1327 5415 1658 5482 gementium
1689 5414 1812 5467 altis
1838 5417 2015 5482 suspi-

446 5503 565 5568 riis,
605 5518 897 5574 comasque
924 5519 1141 5560 mecum
1180 5520 1243 5560 ac
1284 5513 1462 5560 vestes
1498 5506 1546 5559 vi
1576 5505 1776 5560 doloris
1806 5506 2011 5561 discer-

2105 3300 2422 3368 λαυνόμεθα
2478 3300 2685 3369 ταύτην
2750 3302 2842 3353 ἐπὶ
2938 3340 2951 3356 .
3045 3338 3061 3355 .
3161 3339 3175 3352 .
3265 3300 3496 3367 excitat;
3552 3299 3690 3350 ἁνα-

2104 3396 2294 3453 πνοαϊς
2330 3395 2356 3445 ὁ
2392 3392 2651 3463 βασιλεὺς
2679 3390 2769 3464 ἦν.
2802 3393 2911 3445 Καὶ
2992 3432 3006 3447 .
3088 3430 3103 3448 .
3184 3433 3199 3446 .

2103 3485 2368 3555 χορῤἀγει
2430 3485 2564 3551 xei;
2624 3485 2689 3552 τῇ
2758 3483 2971 3551 κεφαλῇ
3063 3523 3077 3538 -
3169 3524 3183 3538 ι
3277 3522 3291 3535 -
3372 3520 3385 3533 -
3478 3482 3583 3550 τῆς
3649 3482 3688 3551 ἡ

2107 3576 2319 3648 βασιλὶς
2350 3574 2579 3647 {Mm-.0
2630 3574 2710 3627 ἑτι
2760 3574 3121 3644 ἀμπεχομένη

2105 3667 2201 3719 καὶ
2247 3668 2313 3720 τὰ
2358 3665 2643 3733 κοκοϐαφῆ
2697 3667 2741 3697 ⁸⁸
2793 3664 2984 3717 πέδιλα
3036 3665 3132 3716 καὶ
3166 3666 3299 3714 ἐπα.
3376 3702 3391 3715 .
3472 3700 3489 3715 .
3568 3700 3585 3715 .

3278 3394 3512 3461 γόμενον
3546 3391 3685 3459 ἐψυ-

2108 3759 2604 3825 κατετιτρώσκετο.
2662 3757 2770 3810 Καὶ
2834 3758 2931 3809 οῦκ
2985 3753 3131 3825 εἶχεν
3186 3757 3340 3816 ὅπως
3442 3792 3455 3805 .
3552 3793 3564 3805 .
3665 3794 3684 3806 .

2108 3852 2421 3921 φλεγμονὴν
2449 3852 2543 3917 τῆς
2581 3849 2833 3917 καρδίας.
2878 3850 2999 3902 Τῶν
3028 3849 3085 3900 δὲ
3166 3887 3180 3901 .
3261 3886 3274 3899 .
3356 3885 3369 3897 .
3454 3882 3467 3896 .
3548 3845 3689 3897 ὐπο-

2111 3946 2446 4014 στρέψαντες
2481 3944 2643 3996 πάλιν
2679 3944 2772 3994 καὶ
2822 3942 3018 4011 μικρὸν
3060 3945 3198 4006 ὲγκα
3278 3980 3291 3993 .
3376 3979 3387 3992 .
3475 3976 3489 3989 .
3571 3977 3587 3991 .
3671 3980 3685 3991 .

2107 4039 2407 4106 ἁπτόμενοι
2430 4037 2523 4090 τοῦ
2550 4035 2765 4106 καρποῦ
2798 4037 2891 4089 τοῦ
2922 4034 3203 4105 βασιλικοῦ
3237 4036 3266 4102 ἡ
3348 4072 3362 4086 .

2115 4133 2378 4200 pontium,
2430 4139 2482 4183 et
2531 4140 2717 4198 pt-ctus
2751 4129 3163 4197 plungt'ttlittttt;
3210 4128 3342 4180 nihil
3388 4130 3536 4194 pensi
3571 4141 3687 4183 tum

2108 4223 2323 4293 quidem
2360 4223 2564 4276 habens
2622 4232 2712 4273 aut
2740 4220 3091 4290 philosuphize
3125 4222 3362 4273 ralimws
3395 4236 3527 4288 quas
3559 4237 3692 4285 sug-

2106 4315 2326 4383 gerebat
2363 4314 2616 4375 anirnus;
2672 4323 2763 4364 aut
2812 4311 3212 4363 admonitiones
3273 4312 3691 4378 intempestivas

2109 4408 2474 4461 moderatione
2509 4406 2558 4459 in
2585 4413 2783 4459 luctum
2814 4405 2902 4457 tali
2928 4404 3413 4473 praescribentinm,
3436 4403 3695 4471 aliquam.

2117 4500 2183 4554 do
2240 4509 2440 4561 tamen,
2493 4499 2762 4551 cbaritate
2818 4496 3004 4549 matris
3047 4495 3319 4548 admonita
3368 4498 3690 4548 confirmavi

2118 4605 2235 4654 me;
2268 4588 2632 4655 eoujnnxique
2673 4602 2892 4655 operam
2952 4600 3071 4638 cum
3124 4586 3431 4637 astantibus
3478 4588 3543 4636 ad
3580 4587 3695 4636 Au-

2112 4691 2324 4752 gustam
2361 4697 2424 4733 ex
2482 4679 2836 4732 acerbissimo
2866 4678 2971 4731 isto
2995 4693 3231 4731 ntmrore
3277 4676 3454 4745 quoad
3499 4678 3696 4730 liceret

2114 4773 2488 4827 recreandum.
2548 4773 2617 4827 At
2648 4788 2774 4825 ecce
2820 4770 3021 4824 frustra
3072 4770 3123 4821 id
3154 4770 3475 4822 conantibus
3510 4768 3694 4829 nobis,

2111 4864 2256 4917 oculi
2316 4865 2559 4917 omnium
2612 4874 2879 4926 nostrum,
2916 4873 2972 4914 ut
3011 4860 3122 4914 fere
3170 4874 3392 4927 semper
3442 4868 3595 4909 crant
3638 4860 3693 4911 in

2116 4970 2280 5008 unum
2325 4955 2513 5009 intenti
2564 4955 2973 5023 deprehendunt
3031 4952 3334 5019 Augustum
3409 4962 3697 5004 extremos

2108 5045 2219 5114 jam
2252 5061 2393 5115 aegre
2416 5046 2687 5099 anhelitus
2723 5046 2959 5097 trahere.
2993 5043 3245 5096 Accurrit
3278 5042 3344 5095 ad
3386 5055 3542 5109 caput
3573 5039 3695 5095 Ila-

2112 5136 2189 5190 ria
2217 5152 2393 5200 soror,
2426 5146 2686 5190 censueto
2715 5135 2816 5188 sibi
2854 5132 3177 5196 ministerio,
3203 5131 3357 5198 quasi
3391 5140 3691 5196 exceptura

2112 5228 2403 5298 fugientem
2436 5229 2694 5283 animam.
2746 5225 3069 5294 lmperatrix
3106 5237 3237 5277 vero
3288 5224 3464 5291 regias
3502 5228 3693 5274 vestes

2111 5320 2258 5374 humi
2303 5320 2513 5386 abiecta
2574 5319 2872 5379 lacerabat,
2917 5316 3246 5382 calceosque
3279 5314 3470 5366 rubros
3501 5322 3557 5364 et
3578 5326 3693 5365 re.

2108 5421 2220 5465 tera
2257 5412 2402 5463 velut
2454 5412 2566 5479 jam
2604 5410 2739 5461 falsa
2794 5406 2992 5460 indicia
3029 5407 3311 5475 dignitatis
3337 5405 3557 5473 perditae
3577 5406 3692 5460 sibi

2109 5504 2347 5558 avellens
2390 5505 2454 5555 :-b
2486 5517 2605 5556 sese
2647 5500 2926 5569 jactahat;
2967 5505 3114 5552 tanto
3163 5507 3312 5553 motu
3344 5508 3589 5567 astuque
3626 5506 3695 5550 ut

1476 5616 1674 5681 Variae
1702 5616 2019 5679 lectiones
2048 5631 2126 5678 ex
2163 5616 2307 5677 cod.
2333 5614 2603 5676 Coislin.

517 5716 563 5749 ⁸³
590 5716 727 5771 ἀλλὰ
764 5716 858 5769 καὶ

894 5756 907 5770 .
940 5754 955 5769 .
994 5753 1008 5769 .
1032 5716 1241 5781 ἐκεῖνος
1266 5719 1569 5787 ἀνενέγκας
1593 5720 1689 5791 τῆς
1719 5720 1982 5791 δευτέρας
2026 5717 2410 5787 λειποθνμὲας.
2434 5757 2450 5773 .
2492 5715 2661 5784 αὐτῷ.
2718 5716 2761 5748 ⁸⁸
2788 5716 3059 5772 κωκυτοῦ.
3133 5715 3180 5749 ⁸⁸
3200 5714 3543 5784 κοκκοσαφῆ.

1479 5812 1621 5877 Car.
1655 5812 1983 5875 Dufresnii
2014 5815 2114 5875 Du
2150 5811 2371 5890 Cangii
2423 5816 2613 5870 notae.

518 5913 593 5983 (8)
659 5916 701 5966 ο
752 5912 857 5982 τῆς
881 5913 1203 5982 βασιλείας
1233 5911 1529 5983 διάδοχος.
1569 5912 1700 5970 Vide
1730 5912 1997 5970 Zonaram

2137 5911 2341 5977 Alexio,
2377 5919 2429 5969 et
2462 5908 2705 5966 Nicetam
2744 5908 2797 5966 in
2832 5908 3060 5966 Joanne.
