3960 6572
185 387 319 463 1209

1433 405 1846 472 ALEXIADIS
1881 411 2034 481 LIB.
2067 415 2191 479 XV.

3299 429 3441 498 1210

180 513 275 581 τὴν
306 511 711 585 ζωτνέγραψα.
759 515 901 571 Ἀλλ’
953 517 1055 574 οὐκ
1110 519 1262 575 ἔστιν
1309 519 1421 593 ἄρα
1467 525 1612 578 κατὰ
1647 523 1748 596 τὴν

1855 533 2010 588 vendi
2046 535 2170 600 fuit,
2200 537 2380 594 vivere
2413 539 2714 606 desinente,
2747 556 3098 610 perseverare
3143 557 3228 599 me
3258 553 3436 600 tamen

180 602 489 672 τραγῳδίαν
524 605 695 668 πάθος
731 606 828 660 καὶ
898 606 1154 681 ξυμφορά
1213 610 1478 680 θεήλατος
1523 608 1593 686 ἧς
1651 616 1754 668 οὐκ

179 693 244 747 ἂν
279 696 466 765 ἄχθος.
613 736 628 751 .
781 737 796 752 .
932 700 1097 770 οίμην
1153 699 1285 768 ἐγώ.
1340 703 1499 757 Οὕτω
1523 707 1633 776 γάρ
1686 723 1754 777 με

178 786 362 851 ὁΘεὺς
393 789 691 861 συμφορῶν
743 791 996 860 μεγάλων
1057 792 1324 864 πεποίηκε
1386 797 1752 864 καταγώγιον.

191 880 571 950 Ἀπεσάλομεν
624 883 884 936 τοσοῦτον
941 885 1211 956 φωστῆρα
1271 889 1370 957 τῆς
1427 889 1756 961 οίκουμὲνης

178 972 266 1024 τὸν
299 971 480 1040 μέγαν
539 973 784 1039 Ἀλέξιον
834 976 928 1028 καὶ
1076 1016 1090 1031 .
1238 985 1274 1032 .’
1396 1018 1412 1033 .
1553 981 1666 1051 μὴν
1723 982 1755 1053 ἡ

180 1063 332 1135 ψυχῆ
377 1065 476 1119 τοῦ
532 1066 885 1138 ταλαιπώρου
950 1070 1289 1142 ἐπετρόπευε
1355 1073 1588 1144 σώματα
1737 1114 1751 1130 .

485 1159 554 1229 6η
591 1160 686 1213 καὶ
716 1162 744 1213 ό
775 1160 1036 1230 μέγιστος
1065 1161 1280 1232 λύχνος.
1351 1167 1566 1221 Μᾶλλον
1616 1168 1674 1221 δὲ
1717 1170 1750 1238 ὴ

174 1249 477 1320 πάμφωτος
510 1251 694 1322 ἐκείνη
737 1255 959 1324 σελήνη.
998 1255 1072 1307 Τὸ
1119 1257 1263 1324 μέγα
1311 1258 1409 1327 τῆς
1459 1259 1754 1331 Ἀνατολῆς

177 1343 266 1395 καὶ
297 1344 518 1407 Δύσεως
549 1345 784 1416 πρᾶγμα
811 1346 906 1400 καὶ
951 1348 1145 1420 ὄνομα.
1187 1351 1250 1403 ’11
1295 1351 1503 1420 βασιλὶς
1532 1355 1752 1424 εἰρήνη.

173 1435 282 1488 Καὶ
427 1477 442 1492 .
591 1476 606 1490 .
752 1439 906 1510 ὦμεν
934 1441 1151 1494 καὶτὸν
1207 1443 1348 1512 ἀέρα
1412 1447 1750 1516 ὲμπνὲομεν.

174 1519 306 1577 Εϊτα
356 1525 531 1581 ἄλλων
682 1569 695 1584 .
846 1566 864 1584 .
1010 1531 1195 1596 ἄλλοις
1213 1533 1405 1587 κακῶν
1427 1537 1749 1603 γεγονότων,

174 1616 266 1668 καὶ
301 1619 643 1689 πρηστήρων
680 1622 938 1690 μεγάλων
973 1627 1417 1694 καταιγισὰντων
1460 1631 1627 1698 ἡμᾶς,
1664 1630 1753 1682 ἐπ’

174 1707 303 1760 αὐτὸ
331 1708 390 1761 τὸ
433 1713 884 1780 κορυφαιοτάτων
907 1717 952 1749 ⁷⁰
979 1716 1088 1771 τῶν
1132 1719 1318 1772 κακῶν
1346 1721 1473 1773 ίδείν
1495 1721 1586 1776 τοῦ
1613 1723 1749 1776 Καί-

176 1815 341 1868 σαρος
373 1800 607 1857 θάνατον
747 1845 761 1857 .
900 1845 905 1856 .
1055 1809 1322 1882 λάθημεν.
1359 1814 1470 1865 Καὶ
1514 1815 1751 1884 τετηρή-

176 1892 315 1961 μεθα
343 1897 639 1959 τοσαύταις
671 1898 856 1950 κακῶν
893 1901 1269 1971 περιστάσεσι.
1326 1905 1482 1959 Μετὰ
1524 1907 1632 1977 γάρ
1671 1924 1756 1959 τι·

173 2001 267 2045 νας
290 1985 508 2055 ἡμέρας
542 1988 637 2040 τοῦ
680 1991 850 2043 κακοῦ
868 1992 1286 2058 δυναστεύοντος
1319 1999 1413 2051 καὶ
1442 1999 1538 2069 τῆς
1557 2000 1752 2072 τέχνης

173 2079 629 2149 ἀπαγορεύοντος,
653 2085 731 2147 είς
761 2084 992 2152 πέλαγος
1020 2087 1255 2158 ἀθυμίας
1271 2091 1516 2162 ἐμαυτὴν
1551 2094 1755 2163 διαφεῖ-

176 2187 263 2232 σα,
283 2175 397 2236 τοῖς
422 2174 564 2236 ὅλοις
582 2176 927 2244 ἠγανάκτουν
951 2180 1107 2233 τοῦτο
1132 2184 1290 2248 μόνον
1319 2185 1402 2237 ὃτι
1431 2188 1525 2238 καὶ
1553 2188 1587 2257 ή
1605 2187 1748 2258 ψυχή

178 2281 277 2332 μου
311 2267 490 2336 παρῆν
519 2267 578 2320 ὲν
602 2268 679 2337 τῷ
707 2267 942 2336 σώματι.
976 2272 1082 2324 Καὶ
1115 2275 1161 2325 εί
1191 2274 1264 2342 μὴ
1289 2274 1363 2339 ὡς
1398 2276 1574 2332 ἔοικεν
1604 2282 1702 2334 ἀδα
1735 2322 1748 2336 .

481 2360 566 2422 τὶς
589 2356 655 2430 ἦν
688 2361 718 2430 ἢ
753 2361 921 2432 ἄλλης
971 2364 1118 2428 τινὸς
1185 2367 1400 2435 φύσεως
1461 2372 1753 2438 διάπλασις

627 2453 722 2505 καὶ
741 2452 1050 2521 ξενίζουσα,
1075 2456 1183 2510 κᾶν
1216 2459 1517 2531 ἀπωλόμην
1544 2463 1603 2515 εὐ

959 2547 1193 2618 μυρίους
1238 2550 1508 2618 θανάτους
1543 2557 1752 2609 ἀπέθαο

176 2648 284 2687 νον.
325 2632 533 2706 Νιόϐην
571 2638 712 2704 μετά
735 2655 897 2690 τινων
953 2643 1398 2714 τερατευομένην
1471 2645 1748 2717 ἀκούομεν

779 2731 862 2793 εἰς
893 2730 1044 2785 λίθον
1095 2734 1485 2802 μεταϐαλοῦσα
1505 2738 1592 2792 διὰ
1623 2741 1753 2791 πέν-

177 2813 268 2876 θος
423 2858 437 2871 .
569 2859 583 2874 .
727 2816 850 2875 εἶτα
873 2823 970 2877 καὶ
1008 2824 1148 2896 μετά
1209 2828 1310 2894 τὴν
1357 2828 1594 2899 ἀμοιϐὴν
1655 2831 1753 2902 τὴν

177 2905 280 2971 εἰς’
406 2950 420 2964 .
563 2913 730 2982 φύσιν
763 2915 1248 2986 παραπέμπουσαν
1295 2918 1356 2970 τὸ
1390 2920 1561 2984 πάθος
1618 2923 1754 2976 ἀθάο

310 3043 324 3057 .
365 3005 461 3058 καὶ
485 3008 563 3068 είς
586 3007 746 3074 φύσιν
769 3008 1099 3080 ἀναίσθητον
1125 3025 1138 3040 ο
1178 3009 1319 3079 Ἐγὼ
1340 3011 1387 3065 δ’
1425 3013 1532 3084 ἄρα
1565 3016 1660 3069 καὶ
1736 3055 1750 3070 .

491 3098 807 3171 μηθεστὲρα
853 3101 1070 3169 ἐκείνης
1101 3103 1184 3155 ὅτι
1213 3104 1306 3155 καὶ
1346 3105 1486 3173 μετά
1521 3109 1620 3170 τὰς
1661 3127 1754 3176 με·

177 3189 374 3254 γὶστας

173 3282 350 3348 οὕτως
379 3285 541 3358 αἰσθη
695 3327 706 3340 .
859 3326 872 3340 .
1022 3289 1130 3358 ἄρα
1150 3289 1288 3360 πρὸς
1322 3291 1530 3361 πέτραν
1547 3292 1755 3363 ἄψυχον

177 3377 313 3449 ἀμοι
464 3418 477 3432 .
631 3419 642 3432 .
786 3420 800 3434 .
1003 3379 1008 3384 ’
1072 3380 1328 3451 ἀπορέειν
1354 3383 1610 3454 δακρύων
1627 3384 1756 3456 ἔμε-

175 3486 266 3522 νον
407 3509 420 3524 .
558 3509 572 3524 .
730 3472 1076 3544 ἀναισθήτως
1152 3471 1350 3542 ἔχουσα
1437 3477 1576 3546 πρὸς
1656 3480 1755 3544 τὰς

180 3563 471 3635 συμφορὰς
611 3603 624 3617 .
777 3607 790 3621 .
942 3605 956 3620 .
1106 3565 1345 3620 τοσαῦτα
1429 3569 1755 3641 ὑπενεγκεῖν

173 3655 324 3708 δεινὰ
377 3656 472 3712 καὶ
514 3659 596 3718 είς
763 3697 777 3711 .
929 3701 941 3713 .
1093 3699 1106 3713 .

172 3747 482 3819 ἀνθρώπων
537 3749 929 3821 ὲπεγείρεσθαί
995 3771 1087 3824 μοι
1167 3755 1420 3826 ἀφόρητα
1569 3797 1584 3812 .
1735 3798 1750 3813 .

480 3842 977 3912 δυστυχέστερον⁷¹
1009 3846 1106 3898 καὶ
1163 3847 1256 3900 τὸν
1306 3849 1350 3879 ⁷²
1398 3846 1501 3917 τῆς
1546 3849 1754 3919 Νιόϐης

795 3936 894 4006 μὲν
943 3937 1106 4009 μέχρι
1163 3938 1316 3993 τοῦδε
1371 3940 1652 4010 φθάσαντα
1687 3942 1754 3996 τὰ

1297 4032 1511 4106 ἔληξεν.
1553 4037 1752 4106 Ἤρκει

1427 3664 1664 3718 παλάτια
1695 3665 1753 3732 ἐξ

171 4025 327 4080 ιεινὰ
410 4027 512 4097 τῆς

171 4118 264 4182 ἄν,
306 4118 393 4170 ἐπ’
429 4119 632 4188 ἀμφοῖν
662 4122 778 4173 τοῖν
823 4120 950 4189 βασι

317 4208 411 4262 καὶ
438 4208 587 4278 ἡτοῦ
617 4211 896 4282 Καίσαρος
958 4215 1221 4285 συμφορά
1265 4219 1360 4270 καὶ
1417 4217 1488 4271 τὰ
1523 4218 1750 4274 ἐκείνων

811 4309 1018 4378 ήματα,
1055 4312 1138 4375 είς
1182 4311 1447 4382 ἒκτριϐὴν
1471 4313 1750 4385 ἡμετέραν

168 4393 396 4464 καὶτῆς
429 4394 612 4466 ψυχῆς
675 4397 896 4450 καὶτοῦ
958 4398 1236 4469 σώματος,
1289 4402 1386 4454 νῦν
1459 4402 1514 4456 δὲ
1559 4402 1747 4477 ὥσπερ

167 4487 414 4556 ποταμοί
439 4504 588 4550 τινες
625 4486 687 4553 ἐξ
741 4488 962 4558 ὑψηλῶν
1006 4491 1151 4561 ὁρῶν
1193 4493 1596 4564 καταρρέοντες
1643 4513 1746 4565 μου

1858 627 2233 696 superstitem,
2266 639 2320 684 et
2347 631 2401 685 in
2439 648 2666 686 numero
2691 632 2985 689 viventium
3035 651 3099 690 ex
3131 650 3196 689 eo
3225 634 3439 690 frtitesto

1860 725 2104 788 tempore
2138 721 2320 776 tandiu
2375 725 2629 781 censeri?
2661 726 2874 793 Quanto
2921 738 3034 780 eral
3090 729 3272 782 verius
3334 729 3440 783 uti-

1859 811 2068 882 liusque
2093 815 2368 884 eXSpirare
2391 833 2476 872 me
2496 835 2602 872 una
2635 834 2757 873 cum
2786 829 3028 888 parente,
3045 822 3438 890 prodeuntiqne

1857 904 1975 973 ejus
2001 905 2196 960 animae
2237 923 2410 961 meam
2459 911 2710 964 comitem
2747 900 3042 981 adiungere
3076 929 3090 965 :
3120 912 3304 981 sicque
3344 927 3433 966 or-

1858 998 2042 1054 bitatis
2073 999 2208 1053 mala
2239 1001 2391 1071 [lucri
2449 1001 2667 1068 facere;
2725 1018 2843 1072 mare
2890 1002 3069 1073 qualia
3121 1014 3435 1074 quantaque

1859 1089 2038 1146 futura
2084 1106 2291 1156 essent,
2329 1095 2374 1148 si
2422 1093 2535 1163 jam
2589 1105 2701 1148 tum
2757 1095 2825 1150 ita
2877 1096 3193 1165 prazsentire
3239 1111 3438 1164 przesa-

1855 1180 2050 1248 giendo
2077 1181 2398 1250 potuissent.
2435 1182 2509 1236 uti
2552 1193 2736 1252 postea
2772 1186 3103 1254 experiundo
3151 1187 3392 1253 comperi
3419 1227 3432 1248 ,

1857 1271 2016 1340 plane
2048 1273 2286 1328 arbitror
2314 1273 2444 1329 mihi
2481 1283 2609 1330 tunc
2642 1275 2881 1330 futurum
2927 1277 3090 1331 fuisse
3117 1277 3434 1346 optabilius,

1856 1363 1966 1417 alto
1994 1381 2059 1419 ex
2091 1365 2328 1420 culmine
2360 1365 2410 1418 in
2437 1381 2679 1435 prarceps
2709 1369 2892 1422 statim
2927 1369 3222 1437 perituram
3249 1369 3433 1439 dejici,

1856 1465 1947 1509 aut
1973 1455 2136 1510 etiam
2167 1459 2330 1512 vastis
2362 1459 2647 1526 procellosi
2683 1462 2847 1514 maris
2880 1461 2947 1514 ad
2973 1469 3178 1514 certum
3207 1461 3433 1515 exitium

1857 1551 2242 1617 eapurtandam
2279 1552 2393 1604 dari
2426 1551 2702 1618 ﬂuctibus,
2759 1569 2922 1623 quam
2971 1553 3022 1607 in
3085 1569 3178 1609 eas
3228 1555 3432 1608 servari

1857 1635 2216 1715 calamitates,
2240 1654 2358 1706 quae
2390 1640 2552 1694 vitam
2589 1641 2784 1696 deinde
2812 1656 2986 1696 meam
3033 1645 3338 1697 universam
3366 1658 3433 1698 ex

1859 1725 1949 1780 illo
1976 1730 2369 1796 puncto'l’atalis
2387 1747 2497 1786 orae
2516 1734 2810 1789 crudeliter
2830 1735 3078 1790 infestam
3105 1736 3431 1802 habuerunt,

1783 1858 1832 1918 Β
1863 1835 1989 1875 vere
2021 1822 2286 1891 siquidem
2321 1827 2696 1896 usurpaverim
2730 1829 2859 1881 ilan
2895 1829 2960 1882 de
3004 1831 3265 1898 tragtedia
3300 1847 3314 1884 :

2004 1937 2136 2016 Qum
2167 1942 2365 2016 damna
2403 1961 2555 1998 casus
2577 1988 2590 2011 ,
2629 1963 2846 2016 qumque
2877 1948 2954 2000 vis
2989 1948 3161 2016 major
3198 1947 3328 2002 solet

2002 2009 2318 2067 Mortalibus
2350 2031 2545 2079 creare,
2578 2009 2769 2070 ridiclei
2794 2017 3010 2085 pertuli.

1861 2101 1969 2157 Deo
2002 2118 2196 2175 nempe
2237 2107 2407 2162 visum
2435 2125 2749 2177 magnarum
2805 2126 2890 2165 me
2933 2109 3301 2164 calamitatum
3357 2110 3439 2163 di-

1862 2198 2162 2253 versorium
2196 2199 2634 2270 velutquoddam
2667 2217 2728 2256 ac
2777 2202 2930 2270 quasi
2976 2202 3312 2274 gymnasium
3356 2199 3438 2255 fa-

1861 2303 2006 2344 cere.
2061 2289 2140 2343 En
2194 2291 2480 2347 amisimus
2534 2303 2742 2347 tantum
2795 2296 2896 2348 hoc
2953 2296 3214 2348 luminare
3272 2294 3437 2348 totius

1860 2382 2027 2444 orbis,
2050 2397 2301 2451 magnum
2328 2385 2598 2438 Alexium.
2617 2387 2774 2462 Orba:
2796 2386 3014 2441 familim
3039 2403 3158 2456 quze
3192 2389 3434 2440 membra

1861 2475 2134 2544 colligeret
2163 2478 2500 2546 foveretque.
2529 2489 2807 2546 supererat
2833 2479 3009 2533 lumen
3035 2481 3162 2533 illud
3181 2480 3436 2542 alterum,

1862 2567 1942 2619 vel
2006 2569 2126 2620 luna
2184 2569 2361 2637 potius
2406 2572 2650 2638 quantam
2715 2570 2874 2640 pleno
2928 2571 3200 2626 collucens
3285 2571 3437 2632 orbe,

1859 2659 2015 2714 Irene
2064 2659 2336 2728 Augusta,
2374 2663 2458 2714 illa
2496 2663 2732 2717 Orientis
2783 2664 3199 2732 Occidentisqre
3248 2680 3333 2716 res
3384 2673 3439 2714 et

1863 2767 1988 2804 cura
2021 2755 2345 2817 communis,
2392 2770 2455 2808 ac
2501 2770 2695 2808 nomen
2752 2755 2950 2823 ubique
2999 2756 3434 2809 celeberrimum.

1862 2844 1988 2898 "me
2023 2862 2237 2915 quoque
2266 2847 2459 2900 occidit
2499 2847 2692 2911 nobis;
2723 2857 2778 2902 et
2810 2847 3019 2902 iterata)
3060 2848 3182 2901 huic
3214 2847 3439 2914 jacturm

1863 2953 2144 3006 superesse
2182 2937 2369 2992 ferrea:
2405 2955 2467 2992 ac
2511 2938 2796 3008 plusquam
2851 2955 2956 2991 a‘re
3011 2937 3195 2991 solidm
3251 2953 3442 3006 possit.

1865 3047 2013 3094 nnis;
2075 3032 2356 3099 adhucquc
2391 3047 2568 3083 aerem
2624 3034 2916 3098 Spiramus.
2969 3032 3107 3098 Quin
3167 3031 3435 3084 etiamad

1865 3120 1997 3173 alias
2032 3122 2316 3190 procellas.
2350 3123 2412 3175 ad
2446 3137 2616 3176 novos
2649 3123 2842 3177 [luctus
2874 3122 3030 3191 longe
3079 3120 3438 3175 VeitCtttt-tttis-

1016 3193 1127 3247 τῶν
1145 3197 1444 3267 συμφορῶν
1465 3216 1530 3269 με
1542 3201 1750 3270 μένηκα

1863 3211 2049 3275 Simos,
2082 3225 2246 3278 atque
2275 3212 2409 3266 adeo
2457 3215 2521 3266 ad
2579 3213 2770 3280 ipsam,
2826 3213 3086 3266 malorum
3141 3227 3434 3273 summum,

1859 3303 2091 3357 Car-saris
2151 3317 2379 3369 mortem
2438 3305 2707 3374 rigitlitale
2758 3305 3038 3372 plusquam
3092 3304 3437 3356 adamantina

1859 3396 2215 3458 duravimus:
2253 3396 2393 3465 quod
2427 3398 2673 3465 equidem
2713 3397 2804 3466 qui
2855 3396 2967 3449 ﬁeri
3025 3396 3279 3464 potuerit,
3321 3395 3434 3463 ipsa

1857 3491 1909 3544 in
1949 3504 2051 3558 qua
2090 3489 2291 3542 factum
2319 3499 2423 3554 est,
2455 3489 2624 3542 miror
2651 3490 2918 3551 maxime;
2954 3505 3050 3540 nec
3089 3487 3271 3539 mirari
3303 3488 3439 3540 satis

1855 3598 2014 3653 queo.
2040 3581 2342 3648 Quomodo,
2365 3582 2602 3649 inquam,
2637 3597 2730 3649 per
2756 3591 2832 3634 tot
2852 3581 3237 3635 infestissimos
3264 3579 3405 3632 mafo
3424 3607 3438 3619 -

1858 3692 1975 3729 rum
2009 3675 2305 3745 ingentium
2339 3675 2590 3728 incursus
2616 3674 2840 3728 eluctari
2883 3675 3024 3728 hunc
3072 3673 3124 3726 in
3154 3674 3295 3726 diem
3357 3673 3437 3724 vi-

1856 3767 2028 3822 vendo
2057 3766 2386 3820 suffecerint.
2430 3764 2539 3834 Ego
2570 3781 2692 3836 qua:
2719 3780 2824 3818 non
2856 3780 3052 3834 expers
3096 3778 3310 3826 sensus,
3335 3777 3436 3815 nec

1854 3857 1920 3910 ad
1955 3856 2157 3910 doloris
2187 3858 2407 3912 aculeos
2436 3855 2601 3911 hebes
2632 3871 2750 3911 esse
2785 3855 2954 3917 soleo,
3013 3867 3071 3908 ιιι
3102 3855 3194 3908 vel
3226 3855 3277 3907 iu
3300 3892 3306 3898 ς
3332 3853 3438 3906 illis

1856 3949 2074 4019 probavi
2109 3950 2350 4013 Casibus.
2379 3951 2594 4019 quando
2618 3962 2734 4004 arte
2783 3950 2928 4003 omni
2983 3965 3044 4002 ac
3092 3947 3434 4017 philosophia

1853 4055 2102 4104 excussa,
2138 4041 2388 4108 maloque
2422 4042 2578 4109 plane
2601 4041 2948 4110 prmi/alente,
2987 4056 3047 4094 ac
3081 4039 3246 4093 frenis
3299 4054 3434 4106 per-

1855 4130 2144 4184 turhatioui
2195 4131 2456 4196 remissis,
2490 4131 2540 4185 in
2599 4131 2847 4186 maeroris
2881 4130 3154 4200 quoddam
3208 4129 3432 4198 pelagus

1854 4231 1985 4276 aestu
2025 4220 2259 4275 tristitia:
2287 4221 2510 4291 abrepta
2540 4239 2624 4278 me
2671 4223 2812 4276 ultro
2856 4205 3026 4291 ipsam
3059 4223 3255 4290 ahjeci,
3309 4238 3436 4290 per-

1855 4323 1978 4367 ta-sa
2012 4314 2276 4379 omnium,
2332 4316 2496 4368 vitam
2551 4331 2764 4384 quoque
2815 4317 2984 4381 ipsam
3034 4331 3174 4383 :cgrc
3233 4316 3434 4382 ferens,

1853 4407 2153 4474 animmque
2239 4406 2528 4476 indignans
2591 4409 2705 4475 ipsa
2781 4423 2952 4470 mem,
3012 4409 3152 4473 quotl
3233 4409 3430 4459 morari

1854 4497 2029 4550 adhuc
2077 4499 2368 4550 sustineret
2411 4498 2459 4549 in
2486 4513 2732 4567 tmpore.
2789 4497 3078 4551 Enimvero
3130 4498 3232 4552 nisi
3291 4513 3436 4566 qme-

810 4585 921 4637 σίτε
941 4585 1009 4640 τὰ
1036 4586 1145 4640 τῶν
1169 4588 1604 4659 δυστυχημάτων
1637 4590 1750 4662 ῥεύ-

1864 4590 1983 4643 datn
2045 4590 2417 4655 adamantina,
2478 4595 2559 4644 vel
2631 4592 2838 4644 fortiori
2899 4592 3078 4644 adhuc
3153 4601 3432 4658 conpacta

164 4702 398 4756 materia
443 4711 648 4756 naturae
685 4717 815 4757 mea;
844 4703 1161 4759 constitutio
1213 4705 1371 4773 roret,
1398 4717 1610 4764 tnurtua
1632 4722 1752 4764 esse

156 4793 278 4862 jam
318 4794 516 4849 millies
539 4793 854 4849 debueram.
887 4793 1090 4850 Nioben
1127 4807 1181 4851 et
1205 4799 1469 4866 quosdam
1500 4801 1746 4856 audimus

165 4881 334 4952 507
382 4883 517 4936 aiios
567 4896 597 4935 a
655 4883 1112 4950 eompositoribus
1175 4886 1478 4943 fabularum
1536 4893 1742 4944 narrari

166 4973 376 5032 solere,
432 4970 802 5040 magnitudine
854 4973 1055 5028 doloris
1104 4985 1338 5032 mutatos
1392 4979 1443 5034 in
1493 4993 1743 5034 naturam

162 5065 436 5128 alteram;
471 5063 523 5116 in
557 5063 697 5117 hanc
722 5073 922 5130 tamen,
950 5066 1078 5120 licet
1107 5082 1318 5123 cassam
1356 5085 1540 5136 sensu,
1572 5073 1746 5128 luctus

162 5154 588 5221 perpetuitatem
620 5155 701 5209 sui
741 5148 1140 5223 transmisisse;
1177 5173 1241 5213 ac
1277 5173 1564 5232 postquam
1598 5165 1750 5218 obri-

162 5248 401 5309 guerant
436 5240 560 5293 facti
593 5256 658 5296 ex
697 5242 1005 5298 hominibus
1033 5244 1257 5313 lapides,
1295 5257 1475 5302 tamen
1525 5252 1748 5306 vulnera

163 5330 381 5385 doloris
436 5332 639 5401 primi.
698 5331 958 5404 lacrymis
1017 5337 1348 5403 perennibus
1402 5345 1752 5400 consuevisse

163 5425 382 5487 testari,
427 5424 541 5493 Ego
591 5433 748 5479 caute
799 5428 994 5496 quavis
1043 5423 1306 5496 Marpesia
1363 5431 1570 5502 durior,
1632 5448 1751 5505 post

165 5518 420 5587 parentis
448 5519 754 5586 utriusque,
803 5520 1032 5573 duorum
1087 5520 1516 5580 clarissimorum
1569 5534 1748 5585 omnis

160 5609 452 5666 memoriae
506 5607 854 5679 principum,
914 5610 1350 5671 luctuosissimos
1397 5618 1580 5675 obitus
1637 5622 1743 5676 vita

1860 4705 2120 4760 incolumi
2159 4716 2455 4775 spectatos,
2500 4707 2757 4761 etiamad
2799 4708 3008 4761 cladem
3057 4706 3430 4776 perferendam

1854 4811 1976 4866 qua:
2009 4811 2187 4850 meum
2229 4797 2357 4850 tnihi
2390 4797 2658 4850 thsarem
2690 4797 2909 4864 eripuit,
2949 4795 3231 4864 plusquam
3270 4811 3432 4850 saxea

1853 4888 2101 4956 perstiti:
2137 4902 2235 4941 nec
2267 4889 2409 4958 quod
2455 4898 2507 4941 ta
2534 4889 2619 4942 itis
2672 4905 2734 4940 ex
2777 4899 2880 4939 tam
2919 4888 3024 4938 alto
3075 4886 3433 4939 incidc-ntibus

1856 4979 2089 5036 molibus
2121 4982 2384 5035 malorum
2429 4982 2606 5033 anima
2653 4983 2854 5049 pariter
2899 4996 3204 5046 corpusque
3255 4994 3430 5031 meum

1858 5087 2080 5140 prorsus
2109 5074 2304 5127 obtrita
2339 5089 2442 5128 non
2474 5075 2601 5138 sint,
2636 5089 2852 5127 causam
2889 5074 3068 5126 dicere
3095 5071 3252 5124 aliam
3295 5088 3432 5140 quod

1856 5178 2054 5234 prmter
2106 5179 2378 5236 stuporem
2438 5166 2810 5221 incredibilem
2862 5177 2913 5221 et
2961 5182 3096 5234 pene
3165 5165 3432 5232 vitupera-

1851 5258 2038 5325 bilcm,
2076 5262 2128 5315 in
2158 5262 2310 5328 cujus
2338 5263 2483 5316 velut
2519 5263 2778 5315 ultionem
2828 5260 2974 5316 coire
3018 5273 3164 5312 nunc
3216 5272 3431 5325 quoque

1849 5366 1954 5406 non
1990 5354 2250 5407 desinunt
2303 5355 2426 5408 novi
2485 5354 2770 5409 conﬂuxus
2830 5350 3205 5407 cnlamitatum
3258 5348 3429 5400 maxi-

1849 5459 2077 5496 marum.
2113 5445 2244 5510 Qua:
2280 5447 2497 5515 quidem
2533 5446 2681 5500 velut
2711 5460 2901 5498 amnes
2932 5439 3322 5495 torrentissimi
3361 5453 3425 5489 ex

1843 5536 2126 5590 altissimis
2157 5539 2426 5593 montibus
2457 5539 2508 5593 in
2547 5554 2720 5593 meam
2751 5538 2971 5592 domum
3001 5543 3060 5590 ut
3108 5534 3160 5588 in
3208 5529 3419 5598 voragi-

1852 5645 2040 5682 nosam
2077 5630 2312 5703 aliquam
2340 5631 2596 5686 corrivati
2626 5631 2928 5699 caritatem,
2965 5644 3082 5686 eam
3113 5625 3328 5697 rapiunt
3348 5622 3425 5678 fc-

1198 5754 1403 5817 Variae
1445 5757 1752 5829 lectiones
1795 5785 1869 5832 ex
1906 5772 2044 5834 cod.
2080 5771 2349 5836 Coislin.

235 5869 290 5906 "
315 5872 760 5943 κορυφαιότατον.
839 5875 880 5906 ’ί
914 5874 1362 5950 δυστχυὲστερον.
1445 5883 1490 5916 ⁷¹
1519 5885 1648 5944 τῶν.
