3960 6578
199 429 342 498 m3
1371 427 1877 499 oLossanmn
1919 438 2288 514 ANNaUM.
2334 455 2340 460 ·

197 547 368 601 situm
429 546 702 602 Interdum
757 547 955 617 signet.
1010 547 1068 602 id
1107 549 1353 604 cernitur
1387 549 1439 602 in
1485 547 1576 604 illo
1611 546 1788 617 Virgi-

199 639 254 694 lii
289 639 371 711 (11
395 640 610 713 Gecrg.)
639 658 654 697 :

3332 442 3469 511 121‘

1891 551 2062 605 videri
2099 553 2387 606 indicatam
2441 555 2543 609 hoc
2579 554 2746 609 verbo
2786 555 2868 608 vel
2909 542 3262 608 subtilitatem
3297 555 3474 606 tenuis

269 759 374 810 Aut
399 773 528 824 quos
565 754 772 810 Oceano
804 757 1017 821 propior
1034 759 1163 824 gerit
1198 757 1352 811 India
1385 758 1549 819 lucos,

277 825 522 879 Extremi
551 829 697 879 sinus
734 828 870 878 orbis
899 843 920 880 :
949 828 1034 878 ubi
1066 844 1188 881 aera
1216 831 1417 882 vincere
1449 845 1707 882 summum

275 898 498 950 Arboris
529 906 620 949 aut
648 895 770 950 ulla?
795 898 946 964 jactu
969 908 1176 960 potuere
1203 901 1428 962 sagitta'.
1824 945 1826 948 ,

281 967 351 1020 Et
380 984 503 1036 gens
526 968 616 1020 illa
651 967 862 1036 quidem
901 970 1125 1037 sumptis
1158 986 1260 1022 non
1301 970 1457 1023 tarda
1501 969 1786 1039 pharetris.

207 1082 319 1136 Aer
351 1098 594 1137 summus
624 1083 836 1138 arboris
886 1092 969 1137 est
1016 1095 1295 1138 extremus
1344 1100 1476 1152 apex
1516 1098 1788 1138 ramorum

209 1187 274 1228 ac
300 1173 568 1227 frondium
603 1175 866 1228 altissime
909 1191 1203 1246 exsurgens
1235 1193 1394 1246 supra
1444 1175 1634 1228 silvam
1667 1175 1793 1229 reli-

213 1281 406 1335 qnam.
445 1265 507 1318 Et
539 1265 624 1320 his
668 1267 1035 1331 conjecturam
1067 1269 1302 1336 capienti
1331 1268 1400 1321 de
1439 1268 1556 1322 loco
1587 1268 1676 1336 qui
1712 1277 1796 1321 est

212 1358 268 1410 in
304 1359 558 1414 manibus
591 1360 760 1413 videri
797 1367 1010 1424 poterat
1059 1375 1153 1414 aer
1209 1360 1410 1413 montis
1446 1375 1567 1415 esse
1608 1374 1798 1424 supre-

213 1463 338 1503 tnus
372 1450 491 1513 eius
523 1460 730 1504 vertex.
776 1449 973 1504 Verum
1013 1450 1295 1504 intercedit
1331 1450 1454 1503 huic
1499 1449 1794 1514 suspicioni

212 1538 514 1592 ἀκολουθία
545 1540 656 1606 ipsa
692 1540 792 1593 loci
819 1549 873 1593 et
906 1540 1046 1593 ratio
1067 1541 1368 1602 sententia',
1393 1554 1509 1606 quae
1542 1537 1708 1607 exigit
1739 1547 1794 1590 ut

213 1641 311 1680 aer
347 1625 711 1695 Malagnorum
736 1628 804 1680 sit
823 1643 928 1682 non
954 1629 1252 1684 editissima
1287 1630 1484 1682 montis
1503 1627 1618 1694 eius
1648 1644 1794 1694 pars,

213 1721 308 1776 sed
341 1721 476 1774 mari
513 1721 686 1774 vicina
742 1720 999 1784 maxime,
1035 1721 1438 1787 imminensque
1468 1729 1791 1787 opportune,

212 1825 458 1869 rostrum
485 1816 749 1880 quoddam
782 1824 868 1866 aut
901 1824 1060 1884 caput
1102 1814 1454 1880 promontorii
1490 1814 1554 1865 ad
1606 1811 1798 1878 appul-

218 1909 430 1964 sionem
490 1907 926 1975 solutionemque
986 1908 1226 1965 navium.
1282 1905 1474 1961 Statim
1529 1906 1794 1975 siquidem

217 2000 440 2054 additur
470 1998 768 2068 Augnsmm
809 1999 970 2052 simul
1011 1999 1172 2052 istum
1211 2015 1381 2052 aerem
1418 1999 1617 2066 attigit,
1653 1997 1798 2066 regia

219 2107 442 2148 monere
469 2093 630 2147 missa
673 2091 1065 2161 imperatricem
1104 2092 1155 2146 in
1197 2107 1322 2145 arce
1345 2090 1618 2145 maritima
1644 2104 1798 2142 cont-

218 2193 524 2239 morantem
549 2183 903 2238 accersivisse
941 2201 956 2238 :
1006 2182 1064 2236 'O
1097 2183 1348 2252 βασιλεὺς
1409 2182 1526 2250 ἅμα
1581 2183 1660 2251 τῷ
1706 2182 1800 2234 τὸν

221 2275 365 2346 ἀέρα
393 2275 739 2336 καταλαϐεῖν,
765 2275 856 2330 διὰ
883 2275 977 2329 τοῦ
999 2275 1282 2345 βασιλικοῦ
1331 2277 1603 2344 μονήρους
1634 2289 1800 2344 μετα-

220 2372 504 2436 πέμπεται.
545 2369 642 2440 τὴν
692 2368 1036 2438 Aureliorum
1068 2368 1202 2431 imo,
1234 2377 1556 2436 utapparct.
1594 2383 1661 2421 eo
1685 2369 1798 2434 ipso

224 2464 409 2518 animo
429 2479 494 2518 ac
523 2477 618 2532 spe
640 2462 983 2516 conﬁciendae
1005 2460 1398 2530 deportationis
1435 2461 1595 2529 hujus
1622 2463 1796 2513 locum

223 2559 388 2614 istitm
405 2557 672 2613 insederat
691 2559 982 2625 imperator
1004 2575 1020 2610 :~
1036 2566 1093 2610 ttt
1115 2555 1198 2609 vel
1219 2555 1340 2608 inde
1361 2555 1491 2608 satis
1512 2552 1801 2608 verisimile

224 2655 296 2709 sit
325 2667 505 2707 aerem
540 2662 787 2704 vocatum
809 2645 1526 2718 promOutoriiexcurrentis
1562 2645 1615 2697 in
1654 2659 1802 2697 mare

224 2752 387 2812 caput
414 2743 650 2808 undique
673 2750 985 2808 portuosum
1019 2748 1073 2792 et
1099 2753 1318 2792 accesSu
1364 2735 1542 2790 facile.
1579 2735 1671 2788 Sic
1699 2733 1804 2787 Au-

223 2837 416 2893 sonius
445 2836 500 2888 in
519 2834 757 2898 Mosella,
789 2833 968 2901 templi
994 2846 1166 2884 aerem
1199 2840 1349 2882 vocat
1387 2844 1490 2883 non
1520 2827 1801 2896 quodcun-

226 2947 335 3002 que
393 2929 624 3006 medium
680 2926 913 2991 spatium
970 2924 1112 2977 inter
1147 2936 1417 2978 cameram
1447 2929 1500 2973 et
1531 2918 1806 2986 pavimen-

227 3035 347 3080 tum
381 3020 491 3074 fani
531 3038 544 3073 :
576 3021 668 3074 sed
693 3017 942 3087 insignite
972 3015 1170 3069 nodum
1195 3015 1307 3068 sive
1335 3011 1648 3066 umbilicum
1689 3022 1804 3062 me-

229 3113 336 3168 diae
405 3109 627 3166 fornicis
687 3109 1057 3179 prominenter
1113 3114 1414 3161 exstantem
1469 3119 1499 3158 e
1561 3111 1807 3169 magnete

229 3201 411 3268 lapide
442 3201 493 3254 in
523 3199 758 3268 speciem
814 3197 976 3252 Cauri
1040 3195 1220 3249 flantis
1270 3192 1614 3249 conformata
1663 3209 1677 3246 :
1720 3191 1805 3246 cui

227 3293 480 3361 opposita
521 3303 697 3346 statua
725 3291 900 3345 ferrea
929 3289 1208 3351 Arsinoes,
1263 3288 1446 3341 innata
1504 3285 1555 3338 vi
1617 3284 1810 3351 lapidis

236 3383 492 3440 Herculei
558 3391 729 3437 tracta
785 3381 838 3436 in
898 3381 1084 3445 altum,
1139 3395 1400 3449 suspensa
1447 3379 1812 3447 suspendebat

230 3481 446 3534 animos
475 3475 994 3540 admirationemque
1016 3481 1385 3540 spectatorum
1415 3471 1620 3524 circum
1658 3470 1812 3523 bian-

234 3574 370 3626 timn
401 3589 416 3626 :
446 3570 587 3636 quod
619 3567 848 3622 solidum
875 3567 1085 3635 signum
1118 3565 1302 3634 gravis
1352 3565 1592 3618 materiae
1625 3565 1814 3618 admo-

241 3676 358 3719 tum
413 3677 610 3717 arcana
654 3660 702 3714 vi
767 3658 916 3712 tholo
964 3659 1140 3714 medio
1193 3657 1476 3711 testudinis
1531 3657 1812 3710 delubrum

231 3771 471 3824 superne
500 3751 852 3820 ροιιιιιτζριιιίε,
879 3751 949 3804 ibi
983 3751 1211 3805 hazreret
1243 3749 1388 3804 nullo
1427 3749 1616 3812 fulcro,
1646 3747 1806 3802 talem

233 3848 523 3917 obiectans
558 3845 994 3914 suspectantibus
1026 3843 1264 3909 speciem
1311 3843 1462 3907 qua~i
1504 3845 1618 3898 solo
1665 3843 1816 3898 crine

235 3940 515 3995 inhaerens
543 3937 736 3991 nucleo
761 3950 990 3990 camerae
1034 3935 1193 4004 justze
1248 3935 1404 3988 molis
1457 3937 1633 4005 puella
1695 3935 1818 3992 inde

235 4033 525 4102 penderet.
564 4029 764 4084 Versus
784 4027 1004 4084 Ausonii
1029 4027 1106 4082 sic
1138 4028 1340 4083 habent
1376 4045 1391 4080 :

312 4163 572 4216 Conditor
596 4162 679 4214 hic
711 4161 892 4230 forsan
933 4161 1090 4227 fuerit
1126 4157 1480 4214 Ptolemaidos
1509 4161 1649 4214 aula:

313 4234 661 4295 Dione/mres,
693 4235 896 4299 quadra
924 4232 1010 4283 cui
1044 4231 1095 4282 in
1121 4231 1335 4299 fastigia
1362 4248 1490 4283 cono

312 4301 519 4371 Surgit,
551 4314 596 4355 et
627 4298 738 4370 ipsa
757 4318 880 4356 suas
909 4301 1166 4354 consumit
1192 4298 1438 4367 Pyramis
1472 4300 1707 4371 umbras.

310 4370 506 4427 Jussus
532 4371 592 4424 ob
620 4374 802 4425 incesti
833 4372 921 4440 qui
948 4372 1211 4440 quondam
1252 4372 1420 4438 [trdus
1446 4370 1641 4423 amoris

310 4444 568 4497 Arsinoen
605 4443 786 4495 Pharii
815 4443 1082 4505 suspendit
1119 4441 1173 4492 in
1205 4458 1324 4494 aere
1365 4440 1565 4504 templi.

311 4513 492 4577 Spirat
515 4513 650 4566 enim
679 4512 797 4564 tecti
827 4513 1088 4563 testudine
1113 4509 1281 4564 Corus
1313 4512 1532 4563 Achates
1560 4527 1578 4565 :

229 4622 237 4629 .
305 4582 844 4654 Aﬁlalamquelrahit
871 4580 1067 4650 [errato
1099 4581 1241 4634 crine
1267 4581 1519 4646 puellam.

243 4696 340 4752 Sic
383 4696 436 4750 in
469 4694 610 4766 pileo
641 4696 881 4764 despotae
913 4694 1131 4749 Sciadio
1157 4693 1304 4749 dicto
1333 4711 1348 4748 :
1384 4695 1452 4749 de
1495 4709 1605 4764 quo
1653 4693 1812 4750 Codi-

239 4806 371 4854 nus,
404 4805 522 4856 eap.
555 4790 608 4850 ὅ,
645 4803 790 4841 num.
819 4789 870 4850 l,
901 4803 1023 4858 pag.
1054 4787 1144 4852 45,
1174 4788 1305 4842 edit.
1334 4789 1492 4857 Ἆρες..
1522 4789 1631 4860 ἀὴρ
1664 4804 1826 4842 voca-

246 4893 338 4937 tur
358 4884 531 4935 nodus
560 4880 756 4950 cinguli
783 4879 1104 4933 clarissimis
1126 4896 1156 4933 e
1179 4881 1405 4947 gemmis
1434 4882 1826 4947 pretiosissimo

246 4983 405 5027 textu
443 4987 635 5026 nomen
681 4973 917 5041 despotic
969 4971 1138 5040 ipsius
1183 4973 1500 5042 inscriptum
1547 4984 1825 5030 ostentans

243 5064 584 5119 intuentibus
616 5073 827 5116 contra.
858 5062 988 5117 Erat
1026 5065 1168 5118 enim
1202 5064 1290 5118 ille
1315 5068 1486 5120 nodus
1519 5065 1826 5135 (Gretserus

245 5169 437 5210 noSIer
489 5171 593 5208 non
635 5159 774 5208 male
829 5155 1116 5210 umbonem
1178 5158 1359 5222 vertit,
1418 5157 1488 5211 ob
1534 5160 1822 5225 quamdam

244 5246 654 5300 similitudinem
695 5245 938 5298 umbilici
973 5245 1346 5316 clypeorum),
1381 5257 1521 5313 erat,
1580 5249 1823 5316 inquam,

243 5337 472 5407 pretiosi
508 5349 563 5391 et
584 5351 721 5391 auro
750 5336 829 5392 cla
844 5338 950 5390 vati
987 5339 1326 5403 diadematis,
1359 5355 1466 5409 quo
1501 5340 1824 5395 redimieba-

244 5437 338 5481 tur
369 5427 541 5494 pileus
569 5426 830 5495 despatae,
873 5429 1027 5498 quasi
1076 5427 1237 5485 libula
1290 5431 1414 5495 ista,
1457 5440 1511 5485 et
1559 5432 1824 5486 emblema

241 5518 734 5588 fulgentissimum,
766 5537 830 5574 ex
858 5522 1131 5589 congestis
1166 5523 1499 5592 margaritis,
1534 5524 1584 5578 in
1615 5535 1820 5592 partem

247 5611 577 5666 anteriorem
609 5613 895 5667 obversum
929 5625 1092 5684 atque
1119 5616 1254 5669 adeo
1293 5617 1533 5671 emicans
1580 5632 1610 5672 e
1649 5618 1827 5673 fronte

246 5717 483 5760 amoma.
513 5701 629 5758 Non
666 5701 794 5758 facit
829 5704 934 5760 huc
958 5707 1108 5761 notio
1124 5706 1225 5760 alia
1256 5707 1489 5763 nominis
1517 5708 1824 5780 obliga-juxta

248 5809 417 5866 quam
449 5795 620 5850 velum
671 5811 777 5865 quo
825 5807 1011 5854 sancta
1066 5800 1382 5871 operiuntur
1433 5802 1484 5855 in
1533 5801 1689 5856 altari
1731 5817 1826 5856 aer

249 5885 476 5944 dicitur.
523 5886 740 5960 Colligit
784 5890 1091 5948 testimonia
1150 5890 1434 5951 Meursius.
1490 5893 1589 5948 Cui
1644 5893 1825 5949 addo:

1885 655 1950 696 ac
1990 644 2209 710 pretiosi
2240 648 2400 711 panni
2436 663 2544 713 quo
2595 649 2708 699 vela
2749 648 2877 701 talia
2938 646 3300 708 constabant;
3366 659 3474 708 quo

1889 749 2038 786 more
2073 737 2333 799 ingeniosi
2386 740 2684 807 Scriptores
2734 739 2866 791 telas
2917 738 3305 791 subtilissimas
3343 749 3475 786 Ven-

1890 831 1975 878 tos
2005 824 2235 882 textiles.
2272 835 2364 878 aut
2396 828 2617 881 nebulas
2651 829 2991 881 coluerentcs
3014 841 3209 879 vocare
3245 826 3421 879 solent
3455 841 3470 876 :

1891 917 1973 968 vel
2008 918 2306 970 adhibitum
2340 919 2460 980 huc,
2507 935 2698 972 nomen
2723 921 2849 990 ἀὴρ,
2876 930 3142 984 quatenus
3179 918 3466 984 caliginem

1891 1015 1945 1061 et
2007 1009 2258 1061 tenebras
2303 1020 2480 1072 sonat,
2512 1012 2575 1064 ad
2603 1011 2993 1073 designandum
3047 1010 3464 1062 obumbratioue

1895 1099 1997 1152 ista
2033 1102 2372 1169 contegentis
2415 1103 2516 1154 veli
2559 1103 3009 1170 augttstatnvelut
3052 1101 3342 1170 quamdam
3379 1117 3471 1151 ca-
3514 1165 3516 1168 ν

1891 1189 2115 1259 liginem
2177 1193 2380 1246 olTundi
2459 1195 2767 1262 mysteriis,
2834 1203 2885 1245 et
2953 1209 3141 1247 saetas
3225 1191 3476 1246 tenebras

1895 1284 2092 1353 quibus
2121 1285 2187 1337 ad
2219 1287 2622 1339 venerationem
2655 1287 2814 1353 vulgo
2843 1289 3310 1340 commemleutnr.

1967 1378 2349 1445 Ἀμφίρυκος.
2401 1377 2519 1432 Lib.
2555 1362 2670 1439 vttt,
2705 1387 2759 1430 et
2789 1377 2882 1431 lib.
2934 1393 3024 1430 xw
3068 1394 3084 1430 :
3134 1375 3316 1430 Genus
3361 1376 3480 1429 sine

1895 1471 2062 1524 dubio
2112 1472 2285 1524 navis.
2350 1469 2533 1524 Videri
2601 1480 2784 1538 posset
2850 1471 3227 1535 corrigendum
3289 1470 3476 1538 ἀμφηο

1901 1566 2054 1636 pub;
2089 1564 2411 1629 ambiremis,
2448 1580 2558 1632 quo
2606 1564 2770 1616 \et'bo
2810 1561 3154 1632 Thucydides
3191 1571 3272 1615 est
3305 1576 3432 1611 usus
3462 1575 3476 1614 :

1898 1659 2000 1713 nisi
2036 1659 2166 1710 satis
2197 1668 2455 1726 expertus
2489 1657 2563 1710 ttti
2596 1658 2803 1710 Annam
2838 1655 3154 1723 sacpiuscnle
3200 1654 3351 1707 novis
3378 1667 3476 1706 vo-

1897 1750 2126 1813 cabulis,
2191 1750 2594 1816 temperandam
2633 1758 2907 1816 putassem
2955 1747 3198 1800 criticum
3237 1761 3480 1798 manum.

1897 1841 2037 1907 Quin
2068 1841 2227 1894 etiam
2257 1856 2360 1892 non
2391 1853 2778 1908 usquequaque
2805 1837 3123 1907 ἁμφηρικὸς
3148 1835 3480 1904 Thucydidis

1899 1933 1965 1985 ad
2002 1932 2163 2001 bujus
2187 1933 2290 1986 loci
2321 1933 2643 1986 sententiam
2690 1930 2840 1986 facit.
2882 1931 2978 1984 llic
3020 1931 3162 1982 enim
3198 1944 3282 1982 res
3314 1909 3483 2003 exigit

1899 2026 2001 2080 hoc
2052 2025 2218 2078 verbo
2284 2024 2509 2095 intelligi
2544 2039 2736 2077 navem
2801 2033 3044 2093 apertam
3099 2023 3357 2088 undique.
3415 2021 3483 2074 ad

1899 2117 2318 2186 speculationem
2340 2119 2564 2171 liberant
2588 2117 2828 2184 riparum
2849 2115 3044 2176 omnis,
3065 2114 3252 2182 quales
3271 2113 3482 2185 ἁμιριρ-

1901 2213 2084 2281 eam;
2119 2210 2316 2264 Suidas
2348 2209 2646 2276 appellatas
2671 2209 2828 2262 docet
2859 2223 2872 2258 :
2908 2207 3062 2274 quasi
3110 2205 3262 2257 dicas
3298 2205 3486 2259 fractis

1901 2305 2137 2372 undique
2165 2301 2412 2355 obicibus
2440 2299 2746 2352 vectoribus
2773 2300 2977 2351 circum
3012 2298 3189 2349 Omnia
3218 2297 3476 2350 cernendi

1903 2410 2096 2465 puram
2158 2393 2473 2445 facultatem
2529 2392 2742 2442 dantes.
2799 2389 3227 2457 Speculatorias,
3270 2388 3312 2438 si
3348 2387 3487 2440 bene

1901 2484 2141 2549 memini,
2176 2485 2310 2537 dixit
2346 2483 2547 2545 Livius;
2583 2482 2676 2534 lib.
2711 2497 2749 2535 tt
2781 2480 3006 2534 Decatlis
3056 2479 3264 2549 primae.
3319 2477 3490 2536 ϐιτνοί

1901 2587 2104 2642 autem,
2175 2582 2232 2628 ut
2289 2574 2613 2628 Plutarchus
2673 2574 2725 2626 in
2793 2571 3000 2626 Catone
3035 2609 3049 2630 ,

1901 2672 2062 2725 πλοῖα
2091 2688 2103 2724 :
2131 2687 2289 2738 quam
2314 2683 2497 2722 vocem
2524 2666 2814 2720 Latinitate
2836 2666 3087 2718 donatam
3113 2665 3177 2718 ab
3199 2665 3367 2717 llirtin
3396 2665 3494 2716 ba-

1902 2765 2116 2827 bctnus,
2149 2763 2241 2814 lib.
2280 2777 2331 2826 v,
2363 2761 2474 2814 imo
2503 2769 2557 2813 et
2591 2775 2618 2811 a
2652 2758 2831 2812 Tullio
2859 2759 2952 2812 lib.
2989 2775 3021 2811 v
3043 2757 3399 2823 Epistolarum
3427 2756 3492 2809 ad

1899 2857 2161 2912 Atticum.
2180 2853 2446 2909 Cancrum
2479 2854 2523 2907 si
2549 2851 2670 2921 quis
2694 2867 2790 2920 pro
2811 2852 2988 2920 priore
3007 2849 3322 2902 ambiretnis
3340 2851 3492 2915 ἀμφ-

1900 2948 2097 3021 ηρικοῦ
2129 2949 2346 3003 notione
2381 2947 2719 3000 ambitiosius
2747 2943 3064 3006 contendat,
3102 2943 3242 2996 hand
3279 2939 3494 2994 dillicile

1909 3041 2601 3110 concesserim,utramque
2636 3039 2720 3092 hic
2750 3036 3200 3105 significationem
3241 3035 3290 3086 in
3327 3048 3491 3086 usam

1909 3136 2172 3190 inclusam
2205 3149 2417 3194 vocem,
2453 3143 2509 3184 ut
2552 3132 2858 3200 ἀμφίρυκοι
2917 3129 3043 3197 νῆες
3096 3137 3148 3180 et
3198 3137 3398 3194 apertae
3440 3129 3494 3178 et

1908 3228 2118 3281 duobus
2149 3226 2405 3291 tttrinque
2453 3223 2616 3276 remis
2644 3223 2856 3290 agitatae
2890 3236 3055 3273 naves
3088 3220 3222 3273 sint.

1982 3318 2357 3386 Ἀνθρῶπως.
2397 3314 2666 3369 Peculiari
2699 3325 2748 3368 et
2770 3312 2999 3378 jttridica
3027 3312 3235 3366 ratione
3267 3323 3494 3375 usnrpa-
3525 3347 3532 3356 μ

1914 3425 2003 3468 ιιιι·
2046 3416 2112 3465 ab
2142 3413 2296 3466 Anna
2331 3412 2430 3463 boc
2475 3423 2670 3460 nomen
2724 3404 2860 3466 libro
2902 3405 3201 3474 pra-scrtim
3239 3417 3360 3466 Xltt,
3394 3416 3496 3452 sat-

1917 3509 2036 3577 pius
2069 3505 2131 3557 ad
2164 3500 2584 3571 signiﬁcandum
2619 3497 2940 3566 ὑποχείριον
2983 3496 3169 3548 δοῦλον
3203 3493 3465 3559 subiectio

1915 3615 2034 3652 nem
2065 3596 2364 3666 profesSum
2419 3593 2578 3646 alictti
2613 3591 2837 3658 principi
2891 3593 3099 3642 ratione
3150 3589 3291 3642 fettdi
3328 3589 3393 3639 ab
3428 3601 3492 3639 eo

1918 3688 2143 3756 accepti.
2179 3686 2309 3739 Vide
2336 3686 2559 3738 Verbum
2589 3683 2782 3746 λίζιος,
2812 3682 3034 3734 inferius
3061 3697 3158 3734 suo
3187 3682 3328 3733 loco.

1992 3780 2364 3848 Ἀντίληψις.
2393 3777 2446 3830 in
2483 3777 2844 3829 instrumento
2885 3774 3034 3842 pacis
3077 3771 3339 3826 confectae
3379 3769 3498 3822 Bai-

1920 3875 2177 3929 mundum
2212 3871 2352 3924 inter
2375 3881 2425 3923 et
2460 3869 2701 3922 Alexium
2737 3868 3036 3933 Augustum
3086 3865 3180 3919 lib.
3216 3879 3309 3917 xm
3344 3873 3499 3918 sonat

1921 3966 2203 4022 liberalem
2262 3964 2487 4034 gratiam
2531 3971 2582 4014 et
2613 3960 3022 4014 concessionem
3081 3957 3395 4011 clementem
3435 3971 3498 4010 ac

1921 4059 2243 4112 beneficam.

1990 4143 2289 4210 Ἀπόχρεω
2315 4154 2365 4196 et
2389 4139 2720 4206 ’Artoozzcic.
2753 4139 2886 4194 Cum
2913 4137 3043 4192 nihil
3070 4137 3370 4192 addendum
3406 4139 3503 4191 ha-

1921 4237 2078 4293 beam
2133 4238 2196 4287 ad
2238 4250 2300 4292 ca
2341 4249 2460 4304 qua:
2512 4234 2610 4287 viri
2668 4231 2966 4284 doctissimi
3018 4231 3081 4282 de
3120 4229 3199 4281 his
3230 4229 3503 4284 vocabulis

1922 4327 2271 4389 atln0tat'unt,
2309 4342 2472 4381 causa
2518 4325 2603 4378 hic
2641 4323 2882 4376 morandi
2920 4341 3021 4374 non
3055 4334 3159 4375 est.

2003 4418 2432 4483 Ἀποστολεύς.
2475 4419 2573 4480 Qui
2606 4415 2767 4469 classi
2801 4398 3013 4482 pnecst.
3064 4415 3198 4468 Vide
3245 4413 3503 4478 Suidatn;

1923 4511 2330 4578 nsurpatnrlib.
2371 4526 2466 4564 χιιι
2515 4509 2566 4562 in
2607 4509 2991 4576 Pacilicalionc
3024 4506 3328 4561 Bnimttntli.

2005 4600 2402 4669 ’Apto'niptor.
2436 4602 2551 4656 Lib.
2585 4619 2692 4665 xtv,
2729 4617 2849 4664 pag.
2884 4601 3007 4653 ΗΓ).
3045 4600 3106 4652 'Il
3139 4601 3193 4652 δὲ
3220 4597 3507 4665 Ain/0:331:

1926 4695 2232 4766 περιχαρὴς
2254 4697 2513 4762 γεγονυῖα
2540 4695 2758 4761 ἐδέξατο
2785 4694 2972 4746 τοῦτον
2998 4693 3102 4758 ἔξω
3135 4692 3236 4759 τῆς
3263 4693 3358 4743 τοῦ
3389 4709 3503 4743 κοι-

1923 4787 2098 4850 τῶνος
2157 4786 2362 4856 θύρας,
2415 4788 2742 4857 ἁριστήριον
2791 4787 2950 4838 τοῦτο
3005 4785 3172 4836 πάλαι
3231 4783 3500 4852 ὀνῠμαζόο

1929 4896 2110 4950 μενον.
2141 4879 2416 4947 Suspicari
2457 4881 2580 4931 licet
2612 4895 2674 4932 ex
2721 4880 2996 4930 notatione
3033 4876 3276 4929 meabnli
3333 4875 3504 4928 fuisse

1926 4973 2066 5026 hanc
2092 4970 2337 5041 Cytzzecei
2392 4971 2616 5039 palatini
2651 4969 2944 5023 exhedram
2972 4969 3022 5020 in
3055 4983 3156 5034 qua
3203 4967 3500 5031 imperatt'iv

1922 5081 2012 5120 ces
2045 5065 2220 5117 cibum
2247 5079 2462 5118 sumere
2499 5070 2923 5116 consueverant.
2979 5060 3040 5114 Ut
3075 5060 3144 5112 sit
3193 5059 3510 5128 ἀριστήριον

1933 5155 2044 5209 ἀπὸ
2083 5154 2178 5207 τοῦ
2213 5157 2459 5224 ἁριστεῖν
2499 5158 2777 5222 prandere.
2813 5153 2962 5217 Quod
3000 5155 3043 5205 si
3078 5151 3149 5204 ita
3184 5163 3286 5213 est,
3319 5164 3506 5217 parum

1927 5247 2225 5303 verisimile
2261 5247 2422 5301 fuerit
2445 5248 2584 5300 idem
2615 5261 2736 5300 esse
2799 5248 3128 5315 ἀριστήριον
3151 5258 3271 5296 cum
3295 5244 3510 5312 ’Ἄρεως

1930 5341 2065 5409 οἴκῳ
2093 5340 2249 5407 cujus
2274 5337 2515 5390 meminit
2543 5336 2859 5405 Procopius,
2891 5335 3018 5389 lib.t
3054 5333 3394 5388 Persicorum
3421 5333 3508 5384 ubi

1926 5432 1992 5484 de
2019 5431 2267 5484 incendio
2299 5429 2448 5482 urbis
2478 5439 2527 5482 et
2567 5427 2747 5497 palatii
2783 5445 2796 5480 :
2835 5427 2944 5479 Καὶ
2971 5427 3091 5494 τῆς,
3115 5428 3211 5491 ait,
3239 5424 3504 5496 βασιλέως

1923 5522 2094 5591 αὐλῆς
2107 5523 2173 5574 τὰ
2197 5524 2259 5574 ἐκ
2275 5521 2381 5575 τῶν
2406 5522 2757 5591 προπυλαίων
2777 5521 2904 5592 ἄχρι
2932 5523 2988 5585 ἐς
3011 5521 3102 5573 τὸν
3129 5520 3192 5572 Ἀ
3204 5536 3337 5590 pes);
3356 5516 3503 5584 λεγόι

1932 5631 2091 5684 μενον
2123 5609 2294 5678 οἷκον,
2333 5615 2606 5668 καυῡέντκ
2641 5614 2884 5685 ἐφθάρη.

2008 5705 2510 5776 Ἀρχοντοπῶλοι.
2563 5705 2685 5760 Filii
2729 5717 3106 5761 veteranorum
3165 5701 3395 5754 militum
3450 5699 3502 5753 in

1932 5816 2096 5854 unum
2133 5815 2323 5870 agmen
2359 5801 2439 5853 sic
2467 5801 2668 5855 dictum
2722 5799 3040 5870 conscripti,
3098 5796 3194 5850 lib.
3240 5810 3334 5858 vn,
3380 5807 3499 5863 pag.

1926 5892 2056 5950 205.
2106 5890 2414 5961 Ἀρχόντων
2461 5908 2656 5948 nomen
2685 5891 2767 5950 vel
2821 5890 3083 5947 militares
3130 5895 3503 5958 magtstratus,

3112 2569 3494 2623 καταςκοπικέι
