3960 6606
512 426 653 495 1215

510 555 570 600 ιιι
618 535 987 604 centuriatus,
1041 539 1364 600 tribunatus,
1396 544 1451 588 et
1499 535 1705 592 similes
1739 536 1940 591 iudicat
1975 556 1990 591 :
2027 549 2086 594 ut

513 639 564 693 lti
595 636 797 692 fuerint
818 635 907 688 tllii
934 648 1040 687 non
1070 631 1442 702 gregariorum
1473 629 1566 684 sed
1590 639 1744 699 gesto
1773 631 2092 696 magistratu

512 729 866 798 probatorum
905 722 1134 776 militum
1171 738 1185 774 :
1227 719 1306 774 vel
1350 722 1536 772 eadem
1585 718 1806 773 notione
1861 720 2096 772 sumitur

511 837 614 887 qua
655 815 962 887 principum
1010 829 1110 866 vox
1143 811 1198 866 in
1233 811 1422 864 militia
1468 809 1736 863 Romana.
1777 807 1878 865 Ubi
1937 809 2095 864 Prin-

514 915 687 980 cipes.
727 909 961 972 Hastati,
990 906 1213 969 Triarii,
1244 905 1457 974 Species
1483 915 1609 956 sunt
1663 903 1890 956 militum
1928 902 2093 956 etiam

509 1003 888 1074 prtefecturatn
928 1001 1216 1053 militarem
1249 1013 1356 1052 tton
1391 997 1720 1066 gerentiuut.
1755 994 1946 1049 Πώλου
1981 1004 2092 1048 ter-

518 1096 749 1149 minatio
785 1090 1189 1162 ὐποκοριστικὴ
1212 1089 1530 1144 diminutiva
1561 1099 1645 1142 est
1673 1086 1875 1141 Gra'cis
1906 1101 2094 1140 recen-

518 1188 684 1240 tibus.
719 1188 897 1252 Quod,
924 1184 1049 1253 quia
1090 1183 1188 1236 viri
1225 1183 1370 1236 docti
1408 1181 1620 1236 abunde
1655 1179 1908 1243 docuere,
1941 1179 2096 1232 novis

513 1279 955 1342 auctoritatibus,
993 1276 1136 1346 quod
1164 1283 1282 1329 erat
1312 1273 1489 1336 facile,
1525 1273 1765 1342 putidum
1796 1283 1848 1324 et
1904 1287 2096 1340 super-

521 1387 820 1426 tacaneum
858 1370 1021 1424 fuerit
1059 1370 1345 1422 adstruere
1375 1366 1586 1422 conari.
1620 1364 1852 1418 Tantum
1879 1364 2094 1428 addant,

513 1465 656 1533 quod
707 1463 772 1516 ad
845 1462 1143 1530 Ἀγούρων
1191 1473 1405 1528 quoque
1463 1457 1714 1524 superius
1767 1457 2092 1525 explicatam

521 1573 706 1612 vocem
743 1566 795 1610 et
825 1557 1107 1610 cohortem
1146 1553 1337 1607 referri
1375 1559 1569 1618 potest,
1606 1551 1685 1601 vel
1721 1549 1875 1616 plane
1899 1551 1962 1601 ad
1997 1549 2096 1603 hoc

518 1664 691 1720 genus
728 1649 1052 1717 pertinuisse
1086 1646 1360 1699 cohortem
1397 1653 1766 1696 trecentorum
1815 1642 2093 1704 eximiam,

521 1741 615 1794 lib.
663 1756 783 1800 xm.
822 1740 924 1794 sub
959 1737 1168 1790 initium
1199 1735 1564 1800 descriptam;
1607 1734 1683 1785 vel
1719 1744 1864 1787 certe
1902 1733 2097 1786 similis

519 1832 753 1887 instituti
790 1845 852 1884 ac
884 1830 1096 1897 generis
1149 1826 1335 1881 fuisse.
1377 1825 1550 1878 Verba
1609 1825 1708 1878 loci
1760 1827 1964 1879 laudati
2015 1826 2097 1880 sic

517 1914 759 1979 habent:
797 1923 908 1990 Τὴν
959 1921 1156 1989 νέηλυν
1219 1920 1479 1989 στρατιὰν
1531 1920 1595 1970 ἐκ
1635 1919 1734 1987 τῆς
1791 1919 2094 1982 συντάξεως

519 2015 700 2082 πάσης
778 2011 1186 2080 ἀπολεξάμενος
1251 2025 1260 2036 '
1321 2010 1416 2062 καὶ
1493 2009 1585 2072 οὓς
1664 2010 1865 2076 μᾶλλον
1934 2009 2096 2068 αὐτὸς

515 2105 854 2174 ἀνεθρέψατο
901 2105 995 2157 καὶ
1046 2104 1112 2156 τὰ
1162 2103 1526 2172 στρατιωτικὰ
1584 2101 1968 2166 ἐξεπαίδευσεν
2015 2099 2095 2168 (hi

518 2199 802 2253 manifeSIe
861 2200 928 2249 ad
986 2198 1215 2249 classem
1279 2194 1387 2247 τῶν
1455 2195 1733 2265 ’Λγούρων
1767 2195 2090 2262 pertinent),

515 2289 796 2358 ἀρχηγοὺς
827 2288 1252 2358 στρατευμάτων
1280 2288 1633 2356 κατέστησεν.
1665 2283 1848 2340 Ἦσαν
1873 2288 1917 2341 δ’
1950 2282 2096 2341 οὗτοι

521 2382 835 2450 ξύμπαντες
859 2381 1190 2448 τριακόσιοι,
1254 2381 1458 2442 πάντες
1494 2382 1627 2438 νέοι.
1680 2384 1772 2435 καὶ
1811 2384 2095 2451 εὐμήκεις,

488 2469 498 2480 “
522 2471 864 2539 σφριγῶντες
912 2470 972 2522 τὸ
1000 2471 1180 2538 σῶμα..
1205 2472 1299 2524 καὶ
1321 2473 1542 2534 ἕκαστος
1569 2472 1774 2526 τούτων
1811 2475 2098 2543 ἀρτέχνους

518 2562 580 2614 τὸ
616 2562 846 2628 γένειον,
879 2571 986 2616 etc.
1045 2561 1209 2614 Paulo
1261 2561 1484 2616 inferius
1535 2563 1634 2614 sub
1686 2564 1922 2616 medium
1976 2565 2095 2618 libri

520 2653 763 2720 ejusdem
819 2667 938 2718 xttt,
998 2660 1330 2705 memoratur
1375 2652 1547 2704 ριιιιίρε
1605 2653 1759 2706 Carm
1817 2654 2095 2722 cujusdam

519 2747 608 2813 qui
641 2761 702 2797 ex
735 2745 961 2798 cohorte
992 2745 1099 2798 τῶν
1145 2743 1422 2813 Ἀγούρωθ
1484 2745 1900 2814 ὴνδρειωμένων
1933 2746 2099 2798 fuisse

522 2837 757 2889 videtur.
794 2837 888 2892 Sic
917 2837 1062 2890 enim
1092 2839 1246 2891 Anna
1279 2857 1290 2890 ε
1330 2839 1596 2891 Πίπτουσι
1651 2837 1956 2906 τηνικαῦτα.
1991 2838 2098 2890 τῶν

527 2927 818 2997 Ῥωμαίων
845 2929 1051 2984 πολλοὶ.
1089 2931 1196 2984 Καὶ
1228 2930 1391 2993 αὐτὸς
1425 2932 1451 2982 ὁ
1485 2933 1673 3001 Καρᾶς
1705 2931 1961 2998 vum/ibat:
1985 2933 2099 2994 τοῖς

522 3017 767 3086 γνησίοις
800 3019 950 3086 παρὰ
981 3018 1077 3074 τοῦ
1105 3020 1505 3090 αὐτοκράτορος
1582 3018 1952 3090 προσληψθεὶς
2004 3021 2100 3072 καὶ

518 3124 622 3161 κατ
634 3109 865 3177 ιλεγεές.

588 3201 1140 3271 Αὐτοκρατόρισσα.
1176 3204 1518 3274 lmperatrix,
1548 3205 1641 3260 lib.
1679 3222 1787 3261 xtv.

1259 3340 1321 3394 B.

591 3457 984 3524 Βεστιαρίται.
1002 3455 1122 3511 Lib.
1148 3473 1222 3518 tv,
1247 3471 1368 3526 pag.
1398 3457 1519 3522 l09,
1541 3459 1649 3509 τῶν
1677 3458 1732 3512 δὲ
1751 3461 2100 3530 οἰκειοτέρων

518 3549 612 3612 οὓς
645 3549 983 3619 βεστιᾳρετας
1015 3551 1048 3619 ἡ
1081 3549 1342 3619 συνήθεια
1370 3550 1772 3606 καλεῖ..οιιιιιρδ
1805 3554 1902 3606 hos
1933 3552 2102 3608 fuisse

519 3642 770 3696 custodes
803 3642 1163 3710 imperialiqu
1195 3642 1424 3696 vestium
1459 3644 1559 3711 (sic
1617 3646 1760 3698 enim
1819 3646 1919 3698 viri
1957 3649 2098 3701 docti

526 3731 890 3801 βεστιαριτῶν
923 3746 1116 3784 nomen
1147 3731 1443 3801 exponunt)
1487 3733 1740 3802 equidem
1789 3735 1876 3788 vix
1913 3737 2096 3791 credo.

522 3824 802 3887 Quomodo
833 3824 976 3877 enim
1010 3824 1095 3878 isti
1127 3835 1218 3877 aut
1255 3833 1330 3878 tot
1360 3823 1588 3879 fuissent
1617 3837 1674 3880 ιιι
1707 3842 1772 3881 ex
1805 3827 1873 3882 iis
1910 3843 2100 3882 nume-

525 3935 644 3971 rosa
679 3920 877 3973 cohors
914 3905 1278 3989 pugnaturum
1319 3921 1435 3974 acie
1461 3921 1711 3976 Alexiunt
1741 3925 2098 3992 sequeretur?

519 4021 611 4063 ant
644 4011 740 4064 soli
765 4026 828 4064 ex
873 4010 1069 4064 aulicis
1095 4025 1159 4065 ac
1188 4010 1504 4066 domesticis
1533 4015 1786 4070 omnibus
1817 4017 1883 4070 ad
1931 4018 2093 4072 dimi-

525 4102 754 4154 Catulum
810 4100 1260 4161 asciscerentur?
1291 4100 1520 4157 Videtur
1565 4105 1744 4172 potius
1795 4119 1859 4159 ex
1916 4106 2097 4162 verbis

527 4192 694 4245 Anna:
736 4190 1082 4263 βεστιαριτας
1114 4194 1291 4248 dictos
1335 4197 1699 4250 communiter
1736 4197 1942 4268 vulgari
1990 4199 2098 4254 lin-

524 4300 625 4353 gna
662 4284 829 4338 fuisse
871 4300 1064 4340 omnes
1095 4285 1422 4341 domesticos
1469 4288 1662 4342 domus
1706 4289 1963 4359 Angusta:
2003 4291 2096 4362 qui

523 4376 681 4428 statis
706 4375 758 4428 in
788 4376 989 4443 palatio
1021 4376 1394 4433 ministrantes
1423 4378 1610 4432 oﬂiciis
1658 4379 1878 4436 familiae
1921 4382 2097 4453 impe-

523 4464 736 4517 ratoriae
789 4465 1216 4534 imputabantur.
1276 4467 1439 4521 Certo
1499 4469 1732 4523 fortasse
1778 4470 1958 4527 colore
2005 4480 2099 4527 aut

524 4556 684 4608 modo
716 4557 942 4609 vestium
976 4557 1056 4627 (ut
1110 4558 1271 4613 hodie
1325 4559 1441 4612 fieri
1497 4562 1800 4633 consuevit)
1855 4563 1923 4619 ab
1974 4563 2098 4620 aliis

524 4645 791 4708 distincti,
826 4647 1058 4716 indeque
1090 4648 1512 4718 appellationem
1544 4651 1710 4707 nacti.

592 4764 870 4818 B.1attla.
908 4765 1122 4819 Recitat
1163 4769 1339 4830 Anna,
1373 4767 1464 4822 lih.
1494 4783 1574 4834 ιιι,
1616 4783 1740 4840 pag.
1792 4769 1860 4825 95
1902 4779 1956 4826 et
2003 4770 2094 4838 94,

521 4857 802 4925 rpistolam
854 4857 1288 4927 Alexii.Attgttsti
1317 4859 1382 4911 ad
1417 4859 1710 4914 llenricum
1763 4877 1940 4932 regem
1967 4862 2090 4918 Ale-

523 4949 776 5014 manniae,
805 4964 908 5019 qua
945 4949 1084 5003 inter
1118 4949 1218 5003 alia
1251 4950 1541 5020 imperator
1595 4961 1823 5008 testatur
1866 4969 1926 5008 se
1976 4955 2094 5026 regi

519 5052 584 5090 ex
619 5049 776 5106 pacto
822 5040 1035 5097 misisse
1087 5053 1302 5096 centum
1351 5045 1708 5114 quadraginta
1768 5046 1869 5099 tria
1926 5049 2094 5103 millia

519 5145 862 5186 nummorunt
894 5142 948 5188 et
981 5144 1193 5189 centum
1229 5135 1444 5198 Blatlia,
1465 5134 1660 5189 ἑκατὸν
1685 5136 1929 5204 βλαττία.
1957 5139 2094 5205 Quid

520 5220 631 5274 lnee
667 5221 861 5276 Blattia
893 5225 1002 5278 sint
1036 5225 1289 5291 equidem
1327 5227 1613 5294 disquisivi
1652 5229 1738 5282 ditt
1782 5248 1795 5284 :
1847 5246 1954 5300 quo
1996 5246 2093 5300 po-

520 5311 790 5367 tissimum
834 5314 1016 5368 omnia
1078 5314 1382 5383 intlagantis
1440 5318 1680 5384 suspicio
1730 5321 1954 5384 sederit,
2010 5322 2098 5376 hic

521 5418 818 5473 proponant
847 5407 1078 5462 obnoxie
1133 5423 1196 5461 ac
1243 5409 1446 5462 timide.
1504 5411 1773 5464 Existimo
1822 5414 2094 5468 volumina

521 5494 692 5549 fuisse
723 5496 886 5564 pantti
934 5497 1222 5553 holoserici
1268 5501 1478 5554 ostrino
1530 5502 1710 5556 colore
1759 5505 1932 5568 tineti,
1981 5516 2096 5560 rent

520 5589 690 5653 piece:
741 5587 806 5642 de
852 5589 1060 5643 ttelours
1094 5608 1159 5643 on
1199 5594 1335 5646 satin
1391 5610 1547 5662 range
1595 5599 1877 5666 crantoiay,
1931 5599 2002 5651 ita
2040 5609 2096 5651 ιιι

522 5682 762 5735 materiae
785 5680 945 5734 simul
979 5689 1033 5733 et
1063 5683 1260 5739 coloris
1287 5700 1454 5753 genus
1481 5688 1628 5740 vocis
1662 5688 1819 5742 unitts
1848 5690 2092 5758 emphasi

519 5773 813 5843 iungantur
842 5772 1181 5827 institutione
1215 5776 1467 5842 peculiari
1515 5777 1826 5832 Griecorum
1881 5784 2096 5850 sequio-

525 5877 598 5917 τις
631 5863 750 5918 ani.
786 5861 1025 5919 Primum
1065 5864 1307 5920 omnium
1358 5865 1592 5924 Blatlam
1629 5870 1730 5926 dici
1770 5887 2089 5942 purpuram,

1676 423 2169 484 GLOSSARIUM
2210 422 2438 485 ΛΝΝᾹΞ
2451 423 2586 485 UM.

3624 422 3740 491 ιιιδ

2197 547 2433 601 ostrum,
2465 537 2751 599 muricem,
2785 551 2848 590 ac
2877 551 3098 592 coccum
3126 536 3290 605 (unus
3333 537 3478 590 enim
3526 542 3746 607 populari
3835 556 3842 569 '

2199 643 2301 681 usu
2329 628 2478 682 color
2510 629 2711 682 rubens
2743 629 3053 697 splendens,
3084 637 3161 682 tot
3187 628 3307 682 istis
3337 629 3480 682 inter
3505 645 3564 681 se
3595 631 3746 687 diver.

2197 721 2270 775 sis
2299 722 2548 792 signatur
2574 721 2928 789 nominibus),
2969 720 3216 784 blattam,
3240 722 3485 787 inquam,
3507 721 3611 774 dici
3642 740 3748 790 pur.

2198 827 2427 882 pureum
2475 827 2856 881 quemcunque
2923 809 3128 876 fnctnn,
3181 811 3495 866 doctissime
3549 813 3746 868 demou-

2197 917 2332 960 strat
2363 908 2604 961 Andreas
2638 907 2958 970 Reseuditts,
2991 907 3083 960 lib.
3119 923 3134 960 l
3186 906 3583 974 Antiquitatum
3621 907 3746 962 ιιηί.

2200 998 2523 1059 tanicarunt,
2559 1007 2670 1051 tum
2715 1000 2839 1052 aliis
2873 1011 3114 1052 veterum
3149 998 3474 1052 testimoniis
3509 999 3746 1065 adductis,

2203 1098 2312 1142 tttttt
2351 1089 2434 1142 his
2465 1089 2673 1144 Sidonii
2704 1092 2975 1154 versibus,
3003 1090 3093 1144 lib.
3134 1105 3186 1144 xt
3225 1090 3396 1156 Epist.
3433 1091 3498 1141 ad
3553 1090 3746 1143 Tonau.

2199 1179 2330 1233 tium
2357 1192 2373 1232 :

2555 1272 2864 1343 (inritusque
2903 1275 3036 1343 [erle
3069 1275 3261 1328 blattas

2559 1342 2882 1413 Reroqttente
2906 1342 3051 1412 quas
3094 1347 3262 1398 altene

2550 1413 2790 1467 Meliboea
2819 1413 2963 1478 fucat
3003 1415 3145 1467 nuda

2556 1483 2828 1541 (lim/etth
2859 1494 2914 1535 nt
2947 1501 3154 1537 meraco

2544 1553 2794 1606 Bibulum
2835 1555 3008 1607 colore
3035 1556 3222 1619 uellus,
3253 1564 3362 1606 etc.

2195 1645 2340 1700 Idem
2409 1648 2738 1702 auctoritate
2800 1647 3054 1714 Vopisci,
3119 1647 3445 1717 Capitolini,
3511 1646 3750 1715 Eutropii,

2198 1738 2347 1791 Pauli
2383 1740 2626 1798 Diaeoni,
2661 1739 2873 1803 lsidori,
2911 1738 3163 1792 Venantii
3208 1738 3513 1801 Fortunati,
3540 1751 3595 1792 ιιι
3637 1741 3744 1791 slia-

2196 1844 2314 1882 rum
2350 1833 2541 1884 astruit
2573 1830 2862 1886 Gretserus
2891 1841 3094 1892 n05ter,
3123 1830 3217 1884 lib.
3260 1846 3297 1884 tt
3322 1831 3750 1885 Observationum

2198 1924 2252 1976 in
2288 1921 2579 1992 Collinum,
2613 1921 2858 1986 solidius,
2895 1923 2949 1976 ni
2982 1922 3162 1986 fallor,
3194 1938 3356 1992 quam
3405 1933 3464 1976 ut
3495 1923 3630 1976 satis
3659 1923 3754 1978 fue-

2201 2017 2274 2068 rit
2303 2015 2574 2069 eruditnnt
2626 2016 2946 2084 scriptorem
2999 2015 3259 2069 Notarum
3304 2017 3664 2085 posteriorum
3713 2018 3752 2070 in

2193 2105 2526 2170 Ccdrcnum,
2583 2107 2756 2161 tribus
2810 2115 2996 2161 contra
3051 2106 3235 2162 verbis
3287 2108 3593 2176 excipere:
3643 2109 3754 2164 nihil

2193 2213 2316 2252 esse
2371 2199 2474 2252 nisi
2507 2216 2672 2269 nugas
2703 2211 2750 2252 et
2787 2199 2984 2252 nullius
3027 2198 3278 2254 momenti
3324 2206 3618 2250 commenta
3657 2213 3757 2266 quc

2195 2293 2336 2344 circa
2366 2293 2612 2345 btatteutn
2639 2292 2886 2357 colorem,
2909 2293 2962 2344 id
2989 2302 3063 2345 est
3091 2307 3297 2344 roseum
3328 2291 3407 2344 uel
3429 2305 3754 2359 purpureum,

2194 2394 2243 2438 et
2277 2383 2513 2439 Crrccttm
2549 2384 2818 2453 βλαττίον,
2861 2400 2927 2438 ea:
2962 2385 3228 2438 nominum
3279 2383 3544 2438 allusione
3582 2385 3708 2438 velut
3735 2400 3760 2438 ι

2200 2477 2450 2546 Delphica
2531 2479 2767 2546 tripode,
2825 2479 3065 2530 enuntiat
3119 2477 3344 2544 sparsim
3392 2474 3662 2531 Gretserus
3711 2478 3762 2529 in

2197 2572 2484 2626 Codinum.
2518 2572 2574 2624 1ιι
2617 2586 2724 2639 (ιιιο
2761 2578 3018 2639 praeterea
3055 2569 3220 2638 (quod
3253 2583 3386 2639 pace
3412 2569 3515 2622 viri
3543 2570 3680 2623 docti
3711 2576 3764 2622 et

2196 2664 2432 2729 religiosi
2470 2664 2671 2715 tllt'ltllll
2709 2663 2892 2724 velim)
2945 2662 3340 2716 humanitatem
3370 2661 3488 2731 ejus
3514 2661 3762 2716 adversus

2198 2755 2475 2808 hominem
2507 2755 2572 2807 de
2610 2753 2872 2822 religione
2903 2767 2964 2805 ac
2995 2752 3192 2808 litteris
3225 2752 3365 2806 bene
3398 2751 3654 2804 meritum
3688 2765 3766 2804 re-

2195 2847 2376 2914 quiro.
2414 2845 2606 2900 AlTerri
2641 2845 2776 2899 solet
2802 2844 3111 2898 Cassiodori
3148 2857 3366 2912 quoque
3416 2841 3762 2897 manifestum

2197 2939 2249 2992 in
2280 2941 2525 2993 eamdem
2579 2939 2903 2993 sententiam
2953 2939 3340 2994 teStimonium.
3381 2937 3488 2992 Sed
3537 2952 3623 2991 res
3672 2936 3767 2990 mi-

2199 3032 2348 3084 nime
2379 3032 2538 3083 dubia
2604 3031 2932 3083 testimoniis
2963 3045 3070 3083 non
3125 3038 3266 3097 eget.
3317 3027 3518 3092 Blatta,
3575 3028 3768 3082 vetulis

2195 3139 2364 3193 genus
2399 3123 2596 3176 triticei
2633 3138 2695 3176 ac
2732 3121 3024 3189 ferruginei
3054 3115 3274 3186 coloris,
3307 3128 3627 3188 usurpatum
3659 3119 3766 3186 jam

2193 3217 2322 3270 nlltll
2355 3217 2557 3271 scimus
2590 3231 2686 3286 pro
2707 3231 2890 3270 verme
2921 3216 3131 3268 minuto
3156 3213 3353 3269 coloris
3378 3213 3771 3267 micantissime

2196 3310 2452 3370 flammei,
2510 3325 2572 3362 ac
2631 3310 2745 3360 viva
2809 3308 3072 3362 rnbedine
3116 3307 3286 3361 saturi
3334 3307 3424 3375 qui
3479 3307 3657 3360 oritur
3709 3319 3773 3359 ex

2200 3401 2385 3472 granis
2434 3400 2646 3454 fruticis
2699 3399 2969 3452 Arabibus
3003 3395 3223 3451 Kernm
3257 3396 3384 3450 dicti
3417 3415 3432 3450 :
3461 3410 3524 3448 ex
3556 3412 3666 3464 quo
3696 3407 3771 3449 est

2202 3507 2396 3546 nomen
2429 3491 2664 3546 celebris
2699 3489 2842 3560 apud
2879 3487 3122 3542 officinas
3172 3485 3404 3540 antitloti
3457 3484 3776 3554 (confectio-

2200 3599 2323 3637 ncm
2359 3582 2664 3645 Alltertnes,
2707 3582 2925 3651 vocant)
2956 3580 3098 3649 quod
3134 3578 3188 3631 itt
3219 3593 3282 3632 ea
3311 3579 3487 3632 locum
3525 3578 3607 3631 vel
3641 3592 3775 3646 prte-

2195 3675 2410 3744 cipuum
2450 3676 2628 3729 baccm
2682 3672 2841 3740 hujus
2893 3671 3101 3726 fruticis
3134 3672 3366 3725 habeant
3396 3687 3412 3723 :
3447 3686 3613 3740 unus
3644 3670 3772 3723 item

2195 3781 2261 3820 ex
2297 3767 2516 3819 nomine
2549 3765 2824 3834 vulgatum
2858 3762 2990 3817 illud
3027 3761 3233 3815 nostris
3265 3769 3466 3814 saturae
3517 3774 3777 3828 purpura

2195 3857 2518 3912 vocabulum
2555 3866 2741 3909 natum
2774 3869 2879 3923 qua
2907 3869 3065 3922 range
3093 3853 3339 3905 cranwisi
3365 3850 3519 3919 quasi
3548 3851 3774 3904 rubrum

2197 3950 2583 4003 Kerntesinum
2620 3947 2724 4001 dici
2756 3946 2913 4001 solet.
2944 3944 3080 4000 Ilinc
3131 3945 3255 4012 quia
3297 3960 3360 3997 ex
3409 3945 3599 4012 granis
3629 3945 3778 3996 hisce

2196 4042 2354 4097 fucus
2389 4055 2697 4109 purpureus
2727 4053 2833 4106 quo
2869 4046 3045 4092 vestes
3077 4035 3395 4090 inficiuntur
3442 4035 3776 4104 exprimitur

2193 4149 2434 4206 purpura
2467 4134 2582 4202 ipsa
2611 4150 2776 4202 grana
2807 4130 3083 4187 Lusitanis
3117 4131 3314 4185 dicitur
3348 4148 3368 4184 ;
3399 4131 3510 4182 imo
3542 4139 3599 4183 et
3628 4130 3776 4183 Gne-

2194 4227 2274 4281 cis
2303 4226 2524 4288 κόκκος,
2569 4225 2712 4293 quod
2745 4224 3083 4294 genericutn,
3121 4238 3223 4276 non
3259 4221 3436 4276 minus
3453 4237 3621 4291 quam
3660 4237 3781 4273 ver-

2195 4316 2317 4383 mis,
2353 4330 2548 4370 nomen
2587 4325 2693 4381 est,
2729 4316 2795 4368 ad
2825 4315 2964 4369 banc
2995 4324 3172 4367 tamen
3198 4313 3433 4380 speciem
3469 4330 3576 4367 usu
3610 4314 3769 4366 addi-

2192 4407 2508 4463 ctum..lam
2558 4409 2681 4476 quia
2735 4423 2902 4476 grana
2955 4408 3068 4460 hinc
3123 4406 3390 4460 industria
3440 4405 3778 4458 iniecturum

2193 4509 2346 4558 certo
2379 4499 2538 4554 modo
2564 4510 2615 4553 et
2643 4499 2818 4569 spatio
2856 4497 3114 4567 temporis
3150 4497 3201 4550 in
3253 4497 3394 4551 arcis
3422 4513 3697 4564 expansa
3733 4507 3786 4547 ct

2202 4591 2432 4648 subinde
2482 4605 2654 4661 vappa
2712 4591 2795 4644 vel
2849 4589 3080 4644 cervisia
3137 4590 3328 4656 rigata,
3392 4601 3701 4643 vertuntur
3732 4589 3778 4638 in

2192 4683 2522 4741 vermiculos
2558 4682 2894 4754 pellucentes
2922 4697 3120 4737 cruore
3149 4681 3519 4736 ﬂorentissimi
3550 4683 3782 4745 coloris,

2192 4789 2300 4846 quo
2328 4784 2510 4830 vestes
2546 4775 2767 4829 imbutae
2795 4774 3170 4829 amoenissime
3215 4773 3492 4836 tueantur,
3549 4776 3783 4828 invaluit

2193 4877 2256 4921 ιιι
2306 4880 2604 4937 purpura,
2671 4865 2874 4919 vermis
2926 4879 2991 4920 ac
3049 4865 3380 4918 vermiculus
3441 4867 3784 4934 appelletur,

2193 4959 2382 5016 Graece
2413 4956 2630 5029 σκώληξ
2661 4965 2757 5011 aut
2785 4956 3116 5026 σκωλήκιον,
3150 4954 3292 5009 unde
3321 4963 3546 5024 putatur
3577 4959 3636 5010 in
3671 4957 3784 5008 vul-

2192 5067 2351 5123 gares
2403 5051 2614 5121 linguas
2679 5064 2962 5105 emanasse
3034 5049 3291 5103 seat-Iaca:
3345 5063 3582 5109 nowen,
3649 5049 3786 5104 Galli

2192 5142 2453 5198 escarlate
2489 5141 2697 5195 dicunt.
2733 5140 2834 5207 Qui
2864 5141 3024 5194 etiam
3046 5156 3142 5210 pro
3171 5140 3476 5194 ruberrimo
3500 5141 3654 5202 fucn,
3681 5159 3798 5194 rer.

2193 5234 2375 5288 millon
2398 5231 2773 5294 vertniculum,
2792 5230 2991 5300 passim
3013 5241 3294 5300 usurpant.
3323 5230 3506 5298 Neque
3532 5231 3585 5282 id
3612 5233 3782 5293 cmpit

2191 5326 2319 5398 χθὲς
2341 5326 2435 5378 καὶ
2473 5323 2687 5394 πρώην,
2736 5337 2859 5377 cum
2887 5323 3131 5378 omnium
3171 5323 3552 5391 antiquissima
3593 5323 3782 5392 lingua

2191 5425 2380 5473 sancta
2419 5416 2554 5470 locis
2580 5428 2712 5470 sane
2746 5413 2996 5483 plurimis
3025 5414 3190 5468 etiam
3225 5412 3382 5482 primi
3419 5423 3472 5465 et
3513 5418 3788 5468 vetustis-

2191 5507 2316 5563 simi
2355 5507 2643 5575 scriptoris
2697 5505 2884 5572 Mosis,
2917 5520 3100 5560 vocem
3147 5496 3316 5568 mt'm,
3366 5520 3484 5574 quae
3533 5523 3784 5558 verum"

2190 5607 2374 5664 sonat,
2412 5613 2510 5672 pro
2545 5578 3064 5667 purpura'usnrpet,
3115 5597 3188 5648 uti
3229 5596 3410 5649 vida-re
3456 5606 3544 5649 est
3606 5597 3784 5649 Exod.

2191 5707 2318 5756 xxv,
2344 5691 2412 5754 4;
2451 5705 2613 5753 xxxv,
2661 5689 2764 5754 55;
2806 5705 2995 5750 xxxix,
3027 5690 3092 5752 '5;
3131 5687 3355 5742 Levitici
3410 5705 3520 5749 xw,
3568 5690 3604 5742 ι
3635 5702 3696 5743 et
3735 5694 3784 5742 ti.

2192 5781 2327 5836 Tum
2377 5790 2634 5850 pratterea
2699 5779 2799 5834 Job
2851 5795 2976 5843 xxv,
3033 5780 3098 5843 6;
3150 5779 3251 5833 lsa.
3308 5795 3345 5841 t,
3387 5759 3635 5843 lSixtv,
3685 5781 3788 5839 ll;

2191 5890 2300 5942 xu,
2337 5873 2440 5942 lt;
2488 5873 2690 5931 'l‘bren.
2720 5887 2791 5941 tv,
2830 5871 2896 5940 5;
2933 5869 3079 5929 lena:
3129 5859 3202 5934 ιν.
3237 5875 3296 5941 7;
3350 5871 3560 5928 Nabuiu
3593 5891 3691 5939 -ιι,
3727 5877 3781 5940 5,
