3960 6606
272 457 406 525 ῙΞΠ

268 576 323 631 et
356 573 509 629 alibi.
541 572 647 628 Sed
678 572 932 627 omittere
964 583 1069 626 non
1099 583 1319 639 possunt
1369 567 1551 625 locum
1586 569 1849 624 eximium

271 681 335 718 ex
402 663 545 719 Psal.
596 679 709 727 ut,
762 662 817 726 7,
866 661 960 717 ubi
1014 662 1167 732 juxta
1224 658 1508 727 Vulgatatn
1558 668 1849 715 nostram:

274 754 387 825 Ego
422 755 605 809 vermis
637 763 685 807 et
732 770 835 806 non
864 753 1039 818 homo,
1097 753 1432 822 opprobrium
1488 752 1759 805 hominum
1802 762 1852 806 et

272 846 497 915 abjectio
548 845 731 911 plebis.
781 844 1048 914 Loquitur
1091 857 1157 898 eo
1211 843 1419 911 psalmo
1470 842 1739 910 Christus,
1799 850 1854 899 et

274 941 593 1009 prophetice
616 939 951 1007 praenuntiat
983 937 1379 992 minutissimas
1397 952 1640 1006 quasque
1667 946 1853 1008 partes

272 1047 336 1085 ac
366 1031 665 1100 peristases
699 1029 969 1099 passionis
1006 1044 1138 1094 suae,
1182 1044 1319 1099 quas
1348 1031 1399 1083 in
1429 1031 1745 1085 narratione
1771 1031 1854 1087 rei

274 1132 443 1191 gestae
501 1130 709 1176 attenta
788 1121 1195 1192 comparatione
1248 1134 1639 1189 recognoscere
1683 1120 1853 1174 multo

274 1223 360 1266 est
416 1210 893 1281 iucundissimum.
950 1211 1022 1266 lis
1075 1225 1241 1281 porro
1294 1225 1415 1280 quae
1460 1209 1852 1280 descripsimus

265 1302 456 1355 verbis
511 1300 862 1369 singulariter
924 1299 1239 1370 designatur
1310 1299 1441 1355 illud
1503 1299 1848 1370 Opprobrium

273 1394 419 1463 quod
454 1392 706 1447 Christus
735 1394 1122 1460 gravissimum
1172 1392 1419 1463 pertulit,
1452 1394 1671 1463 quando
1712 1408 1849 1446 con-

274 1488 482 1542 scissus
509 1484 713 1556 flagris,
746 1494 801 1541 et
839 1493 1200 1555 praeterquam
1236 1493 1349 1541 toto
1379 1499 1608 1554 corpore
1640 1499 1850 1539 cruen-

276 1582 443 1643 tatus,
479 1578 642 1632 etiam
671 1586 962 1632 coronatus
993 1578 1182 1646 spinis,
1218 1577 1517 1646 productus
1543 1577 1607 1630 ad
1633 1575 1851 1632 Judaaos

272 1685 300 1723 a
338 1666 513 1722 Pilato
559 1678 679 1733 est;
727 1668 803 1724 ita
874 1668 1231 1736 deformatus,
1281 1679 1339 1723 ut
1384 1671 1473 1725 vix
1505 1685 1604 1740 pro
1631 1670 1851 1727 homine

273 1762 498 1832 agnosci
531 1771 735 1831 posset,
770 1762 897 1826 nisi,
929 1770 989 1816 ut
1021 1763 1289 1832 pictorum
1320 1763 1533 1817 rudium
1565 1776 1682 1817 aevo
1713 1763 1847 1817 sim-

272 1854 399 1923 plici
450 1863 681 1908 conatus
738 1852 1038 1923 imperfecti
1101 1852 1433 1921 iuvabantur
1495 1854 1849 1925 inscriptione
1898 1895 1902 1900 η

273 1947 485 2013 addita,
518 1961 638 2017 quas
673 1951 898 2003 doceret
929 1962 1050 2003 esse
1079 1947 1351 2002 hominem
1394 1948 1446 2002 id
1480 1947 1623 2018 quod
1663 1947 1738 2001 illi
1774 1947 1850 2002 si-

276 2038 491 2092 mulare
535 2037 860 2106 cogitaram,
910 2038 983 2103 ita
1020 2036 1228 2092 Pilatus
1280 2038 1446 2092 verbo
1478 2037 1850 2092 admonuisset

272 2145 398 2185 esse
448 2129 596 2183 Hlutn
628 2128 903 2183 hominem
934 2145 949 2182 :
980 2126 1154 2181 Exibit
1180 2125 1336 2181 Jesus
1361 2136 1580 2195 portans
1612 2128 1847 2197 spineam

274 2238 531 2275 coronam
582 2231 629 2275 et
670 2235 995 2291 purpureum
1050 2219 1408 2272 vestimentum
1444 2235 1463 2277 .°
1494 2229 1538 2273 et
1586 2219 1722 2273 dixit
1773 2220 1848 2273 eis

272 2311 495 2381 (Iudaeis
523 2313 747 2383 Pilatus)
772 2330 785 2367 :
809 2315 945 2366 Ecce
970 2309 1140 2365 Ποιηο
1182 2309 1362 2379 (Joan.
1382 2325 1496 2376 xu,
1524 2311 1601 2381 5).
1630 2311 1701 2365 At
1733 2311 1849 2367 haec

274 2405 379 2460 loci
419 2407 664 2461 alterius.
710 2406 856 2460 Satis
899 2403 972 2459 sit
1013 2404 1140 2458 hinc
1191 2404 1388 2473 legisse
1418 2404 1594 2458 obiter
1630 2403 1681 2457 in
1731 2418 1846 2458 rem

272 2506 618 2565 prtesentetn,
650 2495 759 2550 illic
794 2497 847 2550 in
881 2495 1081 2549 vermis
1131 2496 1347 2550 nomine
1389 2493 1558 2548 alludi
1593 2504 1751 2549 acute
1784 2508 1848 2547 ac

274 2604 499 2658 prorsus
521 2588 795 2658 eleganter
823 2586 889 2641 ad
930 2601 1255 2656 purpureum
1308 2588 1689 2640 vestimentum
1736 2599 1845 2656 quo

275 2690 406 2736 tunc
430 2692 651 2751 opertus
676 2680 740 2734 ad
766 2679 1057 2734 ludibrium
1084 2678 1333 2733 Christus
1358 2677 1477 2732 fuit.
1524 2678 1843 2747 Quanquam

272 2772 328 2825 iu
362 2769 589 2826 Hebraeo
617 2756 776 2835 nySn
804 2771 907 2824 alia
942 2770 1104 2825 etiam
1141 2771 1368 2839 insignis
1407 2770 1605 2824 allusio
1650 2780 1732 2825 est
1780 2773 1844 2825 ad

276 2862 686 2919 cruciﬁxionetn
741 2862 1114 2916 imminentem
1146 2877 1210 2915 ex
1267 2862 1644 2930 paronomasia
1698 2863 1848 2918 vocis

272 2938 387 3014 rbn
417 2969 537 3023 quae
567 2960 725 3009 sonat
751 2953 819 3008 de
858 2954 1005 3022 ligno
1040 2956 1373 3022 suspendere
1398 2968 1462 3007 ac
1505 2953 1844 3022 cruciligere.

278 3044 555 3100 llactenns
614 3044 875 3099 habemus
929 3047 1181 3113 purpurei
1240 3045 1433 3098 coloris
1491 3047 1761 3099 notionem
1792 3046 1845 3100 in

275 3138 482 3205 blatta;
519 3139 647 3192 mihi
678 3152 807 3193 vero
863 3138 914 3191 id
975 3153 1079 3191 non
1133 3136 1348 3201 sullicit,
1402 3138 1493 3206 qui
1541 3139 1844 3192 existimem

279 3232 448 3286 etiam
500 3247 671 3300 genus
714 3231 874 3285 serici
929 3239 1109 3284 textus
1139 3245 1203 3283 ac
1238 3231 1570 3300 bombycina:
1609 3233 1848 3285 materia:

277 3325 460 3379 Blattii
496 3327 661 3378 verbo
710 3323 982 3393 designari
1021 3338 1036 3376 :
1075 3322 1147 3376 ita
1194 3331 1251 3376 ut
1294 3321 1483 3375 Blattia
1521 3340 1626 3377 non
1672 3326 1848 3392 quivis

279 3416 441 3488 panni
476 3417 753 3486 purpurei,
788 3415 879 3469 sed
912 3414 1074 3468 serici
1119 3415 1251 3468 siut.
1305 3415 1570 3480 l’ritnunt,
1618 3416 1848 3470 observo

278 3523 419 3577 saepe
450 3510 552 3563 ista
582 3508 831 3576 conjungi
869 3510 1138 3560 mentione
1165 3509 1304 3576 apud
1331 3509 1645 3575 scriptores.
1671 3507 1849 3563 Elius

282 3598 626 3669 Lampridius
656 3601 706 3651 in
729 3598 1070 3668 lieliogabalo
1096 3615 1108 3650 :
1138 3595 1418 3650 Paraverut
1440 3600 1587 3665 funes
1608 3599 1770 3651 blatta
1792 3610 1840 3653 et

279 3692 448 3743 serico
466 3702 508 3743 et
527 3706 676 3743 cocco
693 3692 925 3753 intortos,
960 3688 1164 3756 quibus,
1192 3690 1236 3741 si
1259 3706 1455 3743 necesse
1476 3699 1630 3747 esset.
1663 3690 1849 3760 laqueo

277 3783 441 3837 vitam
465 3783 658 3851 ﬁniret.
680 3782 884 3847 Quibus
913 3782 961 3833 in
992 3782 1166 3833 verbis
1192 3782 1383 3834 merito
1404 3790 1610 3851 quaerat
1628 3782 1847 3851 aliquis:

281 3888 402 3943 quae
437 3874 661 3927 materia
699 3872 862 3927 blatta
894 3875 965 3926 sit
993 3887 1024 3926 a
1058 3874 1233 3925 serico
1259 3885 1311 3925 et
1358 3888 1519 3926 cocco
1557 3873 1853 3928 distincta?

283 3980 347 4020 ac
376 3968 605 4020 fortasse
637 3979 742 4019 non
778 3964 917 4019 male
945 3969 1254 4033 suspicetur
1281 3966 1432 4034 prius
1464 3974 1516 4017 ct
1555 3967 1852 4034 expositive

283 4059 685 4129 accipiendum,
717 4058 818 4112 hoc
864 4072 1027 4112 sensu
1066 4074 1081 4111 :
1136 4055 1421 4110 l’araverat
1465 4056 1613 4125 funes
1659 4059 1851 4122 blatta,

280 4156 383 4206 hoc
411 4162 507 4217 est,
554 4152 720 4205 serico
765 4159 814 4203 et
860 4166 1031 4216 cocco,
1083 4152 1186 4204 sive
1237 4152 1340 4219 ﬁlis
1396 4151 1576 4204 sericis
1627 4151 1854 4205 coccinei

283 4247 479 4301 coloris
515 4247 758 4311 intortos,
793 4254 900 4299 etc.
931 4242 1145 4297 Flavius
1174 4244 1431 4312 Vopiscus
1461 4246 1510 4296 itt
1530 4244 1851 4297 Aureliano:

281 4342 415 4393 Cum
450 4339 512 4393 ab
548 4355 607 4393 eo
642 4353 773 4391 uxor
808 4354 905 4390 sua
935 4347 1125 4406 peteret
1155 4347 1212 4389 ut
1253 4338 1404 4389 unico
1450 4336 1611 4397 pallio
1660 4336 1853 4390 blatteo

282 4437 447 4487 serico
491 4441 752 4496 uteretur,
793 4432 886 4484 ille
925 4430 1193 4498 respondit
1227 4445 1245 4482 :
1277 4428 1437 4483 Absit
1488 4438 1548 4483 ιιι
1590 4445 1723 4483 auro
1765 4429 1852 4482 fila

283 4535 605 4592 pensantur;
652 4524 781 4577 libra
829 4523 966 4575 enim
1017 4523 1135 4573 auri
1188 4530 1311 4574 tunc
1337 4520 1471 4574 libra
1521 4521 1678 4574 serici
1724 4520 1850 4589 fuit.

286 4619 410 4672 Ιιςερ
444 4618 532 4670 ille
563 4618 614 4669 ιιι
644 4615 841 4685 quibus
881 4614 1056 4667 notari
1090 4613 1247 4680 cupio
1282 4631 1295 4667 :
1332 4628 1454 4667 cum
1485 4613 1685 4667 dicitur
1712 4614 1847 4667 libra

285 4709 471 4771 serici,
538 4722 643 4760 nou
706 4706 941 4760 sericum
996 4719 1379 4773 quemcunque
1438 4720 1699 4773 pannum,
1759 4706 1853 4760 sed

285 4804 448 4857 simul
483 4800 767 4863 hlattcum,
802 4800 903 4852 hoc
934 4804 1017 4851 est
1042 4812 1370 4867 purpureum
1406 4798 1626 4866 intelligi
1661 4815 1674 4852 :
1710 4800 1856 4852 utiet

283 4913 406 4951 cum
458 4896 543 4948 fila
604 4895 853 4945 dicuntur
916 4906 1046 4944 auro
1093 4892 1330 4958 pensari,
1385 4892 1469 4943 lila
1532 4894 1852 4962 bombycina

284 5001 449 5039 cocco
482 4987 646 5038 tincta
688 4983 971 5052 cogitanda
1004 4992 1149 5043 sunt,
1184 4981 1318 5035 adeo
1352 4983 1465 5036 haec
1498 4999 1595 5036 usu
1639 4992 1690 5035 et
1722 4999 1850 5052 pre-

286 5081 362 5132 tio
409 5078 698 5142 ceujuncta
751 5078 898 5131 vices
947 5075 1048 5129 sibi
1108 5076 1337 5128 invicem
1386 5076 1449 5127 ad
1490 5085 1727 5128 mutuam
1781 5077 1860 5130 si-

285 5172 690 5240 gnilicalioucm
767 5173 1046 5235 praestant.
1113 5162 1301 5232 Itaque
1375 5174 1429 5215 et
1498 5162 1659 5231 paulo
1729 5173 1856 5218 ante

284 5277 408 5313 cum
494 5259 633 5312 dixit
701 5253 969 5323 Vopiscus
1037 5252 1179 5306 ideut
1236 5264 1251 5304 :
1325 5248 1531 5303 Vestem
1599 5250 1856 5303 Italoseri-

284 5360 400 5407 ‘cam
467 5366 629 5420 neque
688 5349 796 5418 ipse
871 5348 926 5399 in
995 5344 1239 5398 vestiario
1305 5359 1400 5396 suo
1468 5344 1706 5408 Itabuit;
1767 5359 1855 5396 ne-

282 5457 382 5512 que
460 5440 615 5491 alteri
695 5434 941 5488 utendam
1029 5433 1207 5495 dedit,
1278 5446 1387 5482 non
1470 5445 1856 5500 quamcunque

284 5536 467 5598 forte,
545 5530 637 5583 sed
718 5540 1043 5596 purpuream
1129 5524 1497 5593 significavit,
1573 5534 1628 5576 ιιι
1707 5535 1855 5577 tauto

281 5623 643 5679 colimreutius
677 5629 934 5688 sequatur
997 5616 1140 5685 quod
1184 5617 1363 5669 statim
1436 5616 1601 5670 infert
1642 5618 1707 5670 de
1764 5632 1857 5669 tte-

278 5731 407 5789 gato
477 5716 628 5769 uxori
677 5714 835 5783 pallio
893 5712 1132 5773 blatteo,
1209 5724 1273 5761 ex
1350 5709 1651 5763 holoserico
1722 5726 1852 5780 pur-

279 5825 448 5879 pureo
475 5808 745 5860 videlicet.
786 5802 891 5857 Sed
938 5815 1225 5871 pergamus
1256 5801 1501 5864 exetupla
1562 5802 1691 5853 dare
1724 5818 1853 5854 cou-

272 5910 480 5974 juucta:
532 5898 824 5954 meutionis
855 5894 1051 5951 coloris
1082 5902 1133 5946 et
1162 5890 1312 5946 texti.
1346 5891 1398 5945 In
1429 5891 1629 5948 Codice
1682 5892 1854 5948 Theo-

1434 455 1927 519 GLOSSARIUM
1969 452 2327 521 ANNIEUM.

3394 462 3531 530 1218

1960 571 2216 642 dos..leg.
2245 572 2331 636 18,
2366 573 2445 626 tit.
2485 572 2552 627 de
2596 571 2929 644 Mut'ilegulis
2959 575 3048 645 qui
3087 583 3166 629 est
3197 574 3267 629 20
3298 574 3419 629 libri
3447 592 3478 629 ι
3511 587 3530 631 :

1961 664 2227 729 Quoniam
2287 674 2548 720 trecentas
2576 682 2705 736 pene
2740 668 2906 720 libras
2939 668 3121 723 blatta:
3171 672 3352 722 serica:
3386 667 3524 721 clan-

1959 754 2168 808 destina
2194 755 2485 823 fricatione,
2510 766 2619 811 etc.
2663 757 2720 811 ln
2755 757 2957 814 Codice
2984 758 3280 813 :lustiniaui
3323 760 3532 814 serico-

1962 846 2130 899 blatta
2164 861 2271 901 uno
2302 847 2565 903 vocabulo
2607 847 2821 917 legitur.
2854 850 2922 904 Et
2974 850 3103 904 alibi
3150 865 3292 918 saepe
3334 850 3533 904 similia

1960 935 2144 989 videre
2172 943 2291 1000 est;
2346 952 2472 990 nam
2528 937 2617 991 hic
2656 928 2770 1007 iam
2803 953 2957 1008 mquo
3018 939 3288 1011 longiores
3320 952 3534 994 sumus.

1960 1024 2099 1080 llinc
2124 1027 2326 1081 factum
2360 1036 2419 1082 ut
2448 1028 2560 1083 sola
2589 1030 2860 1085 mentione
2888 1030 3086 1085 coloris
3117 1032 3397 1101 purpurei,
3428 1046 3529 1085 usu

1961 1120 2133 1175 tacito
2196 1121 2388 1175 sericae
2423 1123 2667 1177 materias
2702 1124 2912 1192 species
2942 1124 3296 1180 indicaretur.
3337 1121 3532 1178 Narrat

1959 1226 2086 1267 ecce
2110 1212 2175 1266 de
2207 1210 2422 1268 Nerone
2446 1197 2765 1269 'Suetonius
2801 1232 2815 1268 :
2852 1214 3029 1270 Aurea
3063 1232 3181 1269 eum
3228 1216 3327 1269 reti
3353 1215 3530 1284 pisca-
3578 1252 3579 1255 η

1958 1311 2070 1356 tum
2143 1312 2188 1357 et
2242 1301 2461 1372 funibus
2530 1319 2766 1373 purpura
2796 1321 3048 1376 coccoque
3075 1306 3245 1360 nexis.
3289 1305 3420 1371 Quis
3447 1295 3532 1358 hic

1957 1396 2102 1451 aliud
2134 1394 2387 1466 intelligit
2414 1410 2578 1465 quam
2629 1396 2788 1451 funes
2842 1398 3035 1452 sericis
3082 1397 3186 1452 illis
3242 1399 3533 1466 purpureis

1960 1487 2231 1543 intortos?
2281 1488 2428 1554 Quos
2494 1488 2738 1543 eamdem
2800 1503 2912 1543 rem
2964 1504 3270 1543 memorans
3307 1492 3532 1543 blatteos

1957 1579 2205 1650 apprinte
2240 1580 2292 1633 in
2349 1594 2462 1633 rem
2494 1590 2733 1634 nostram
2767 1580 2903 1634 dixit
2932 1557 3241 1650 Eutropius,
3274 1584 3365 1636 uni
3414 1582 3531 1635 voci

1957 1672 2411 1744 significationem
2439 1674 2603 1728 serici
2647 1682 2830 1728 textus
2861 1683 2915 1728 et
2949 1674 3188 1728 coccinei
3230 1674 3333 1726 fuci
3364 1672 3533 1740 subji-

1958 1767 2128 1821 cieos.
2159 1764 2299 1833 Quid
2351 1765 2568 1819 Graeci?
2608 1766 2986 1835 (Recentiorcs
3022 1767 3120 1819 hos
3155 1766 3278 1819 dico
3325 1764 3535 1834 Byzan-

1959 1856 2193 1911 tinarum
2223 1866 2548 1911 tractaturos
2573 1858 2776 1928 rerum)
2813 1873 2974 1927 quam
3014 1857 3178 1910 multa
3210 1857 3369 1925 hujus
3399 1872 3534 1911 con-

1957 1949 2263 2005 suetudinis
2301 1949 2550 2017 exetnpla
2604 1950 2996 2019 suppeditant?
3030 1949 3245 2003 Nicetas
3298 1965 3436 2003 unus
3463 1950 3536 2003 sit

1958 2039 2112 2093 satis.
2148 2037 2394 2093 Aliorum
2460 2038 2767 2093 testimonia
2802 2050 3086 2093 occurrent
3124 2041 3264 2094 ultro
3313 2039 3535 2108 legenti-

1957 2130 2080 2185 bus.
2122 2132 2175 2185 ls
2211 2131 2300 2183 tibi
2337 2129 2388 2183 in
2448 2130 2638 2183 Alexio
2666 2130 2942 2184 Comneuo
2986 2130 3232 2196 .luniore,
3281 2132 3418 2185 libro
3446 2146 3530 2195 ιιι,

1958 2221 2010 2275 in
2077 2221 2349 2290 plerisque
2429 2222 2714 2276 codicibus
2764 2221 2928 2276 habet
3016 2224 3147 2276 ἄνευ
3202 2222 3312 2275 τῶν
3374 2221 3537 2291 βλατο

1955 2312 2117 2377 τίων,
2176 2314 2277 2368 alia
2310 2313 2491 2377 lectio,
2521 2313 2661 2382 (qua:
2690 2324 2963 2383 tttcunque
3008 2322 3228 2382 putt-tur
3264 2315 3537 2380 margina-

1961 2403 2029 2459 lis
2055 2404 2348 2469 aduotatio,
2382 2405 2581 2456 veteris
2613 2412 2759 2457 certe
2792 2403 3128 2470 grammatici
3155 2414 3273 2469 est;
3310 2410 3365 2456 et
3392 2412 3449 2455 ut
3478 2405 3530 2456 iu

1956 2512 2015 2551 re
2044 2495 2156 2561 tali,
2190 2494 2259 2549 de
2295 2496 2515 2548 notione
2549 2495 2697 2549 vocis
2757 2496 2957 2547 usitata
3011 2510 3112 2549 suo
3143 2503 3407 2564 tempore,
3435 2510 3535 2548 au-

1954 2588 2259 2643 ctoritatem
2300 2587 2482 2658 habet)
2533 2588 2661 2653 alia,
2708 2587 2946 2655 inquam,
2981 2587 3137 2641 lectio
3188 2586 3348 2641 habet
3396 2587 3534 2657 πλὴν

1952 2681 2062 2734 τῶν
2091 2681 2336 2750 σηρικῶν
2370 2682 2653 2750 νημάτων.
2688 2680 2825 2733 Alibi
2863 2679 3079 2734 Nicetas
3108 2679 3334 2749 βλαττία
3363 2678 3533 2732 πολλὰ

1955 2775 2156 2844 χρυσᾶ.
2194 2775 2251 2827 In
2284 2789 2405 2841 quae
2456 2774 2620 2826 verba
2682 2773 3024 2842 paraphrasis
3078 2773 3218 2826 docti
3261 2788 3536 2843 gramina-

1956 2867 2047 2921 tici
2102 2868 2180 2921 sic
2236 2865 2440 2920 habet:
2476 2868 2683 2937 σηρικὰ
2736 2865 3133 2935 διαπλεχοέντα
3166 2864 3375 2935 χρυσῷ.
3410 2865 3531 2918 Alia

1955 2964 2167 3017 omitto.
2218 2960 2342 3016 llaec
2377 2961 2518 3015 enim
2570 2961 2783 3014 abunde
2830 2970 2951 3014 sunt
3011 2971 3069 3014 ut
3109 2970 3257 3013 recte
3290 2958 3533 3013 videatur

1957 3055 2010 3109 in
2068 3056 2381 3109 universum
2430 3054 2691 3109 statuisse
2736 3054 3041 3108 Salinasius
3081 3052 3234 3106 Notis
3286 3052 3349 3104 ad
3384 3052 3529 3104 IIist.

1954 3149 2091 3218 Aug.
2140 3148 2321 3217 script.
2358 3162 2483 3216 pag.
2541 3146 2668 3210 591,
2715 3147 3044 3201 recentiores
3099 3144 3320 3199 Graecos
3368 3142 3534 3212 βλατ-

1954 3240 2069 3292 τίον
2105 3255 2209 3292 non
2249 3255 2344 3308 pro
2376 3238 2545 3292 blatta
2587 3240 2666 3291 vel
2704 3253 2942 3306 purpura
2994 3237 3132 3301 sola,
3162 3236 3253 3289 sed
3316 3251 3411 3302 pro
3442 3250 3535 3287 ne-

1958 3341 2098 3383 ntate
2123 3332 2292 3383 serico
2336 3330 2533 3383 blatteo
2584 3345 2888 3397 usurpasse.
2919 3328 2972 3381 In
3013 3342 3121 3397 quo
3163 3338 3291 3390 puto
3319 3324 3536 3379 Graecos

1958 3425 2222 3475 rationem
2270 3420 2527 3476 habuisse
2556 3422 2793 3490 aliquam
2826 3420 3050 3490 originis
3084 3418 3294 3472 lilorum
3325 3418 3533 3471 serico-

1960 3531 2078 3569 rntn
2105 3529 2224 3582 qua:
2257 3529 2285 3565 a
2318 3528 2531 3577 verme,
2571 3513 2672 3566 hoc
2703 3520 2787 3566 est
2816 3512 2982 3566 blatta
3008 3519 3150 3579 (nam
3174 3509 3343 3563 Blatta
3367 3511 3535 3561 inter—

1959 3606 2081 3660 dum
2106 3619 2397 3659 commuue
2429 3619 2622 3657 nomen
2659 3604 2858 3657 vermis
2879 3604 2984 3669 est)
3011 3603 3347 3670 producitur,
3379 3602 3537 3669 vulgo

1961 3697 2221 3767 bombyce
2270 3697 2435 3751 dicto.
2490 3694 2643 3749 Unde
2695 3695 2839 3747 ﬁlum
2896 3695 3069 3762 ipsnm
3106 3681 3306 3747 ac’tela
3360 3710 3421 3747 ex
3471 3710 3538 3750 co

1963 3798 2103 3842 texta
2153 3788 2385 3857 bombyx
2442 3787 2662 3842 dicitur.
2710 3785 2851 3850 Quin
2902 3785 3064 3838 etiam
3119 3798 3314 3839 nomen
3361 3787 3535 3852 ipsuut

1959 3881 2390 3950 Vulgatissimum
2449 3879 2635 3944 serici,
2676 3894 2781 3931 non
2843 3892 2870 3930 a
2923 3876 3141 3930 St-ribns
3198 3876 3411 3945 populis
3445 3885 3539 3930 aut

1962 3974 2133 4044 patria
2166 3988 2373 4039 eorum,
2409 3971 2551 4040 quod
2592 3972 2750 4039 vulgo
2787 3978 3000 4039 putant,
3041 3970 3084 4020 si
3117 3970 3388 4037 llesycbio
3421 3969 3540 4035 qui-

1963 4065 2082 4117 dem
2123 4064 2413 4124 credimus,
2464 4061 2723 4125 ducitur,
2786 4056 2887 4112 sed
2948 4075 2976 4110 a
3042 4073 3166 4111 scre
3214 4073 3394 4109 verum
3427 4058 3540 4109 sive

1961 4156 2153 4212 blatta.
2187 4154 2264 4209 Ita
2300 4155 2443 4208 cnim
2476 4153 2775 4223 Hesychius
2809 4153 2963 4221 εΣὴρ
2998 4150 3219 4219 σκώληξ
3246 4153 3272 4202 ὁ
3304 4151 3401 4217 τὴν
3440 4166 3538 4216 με-

1960 4250 2130 4313 τάξαν
2195 4246 2589 4317 ἐργαζόμενος,
2625 4248 2724 4298 hoc
2764 4255 2879 4307 est,
2916 4242 3015 4296 Scr
3072 4244 3259 4295 vcrtnis
3312 4243 3539 4293 sericum

1963 4341 2127 4395 vellus
2155 4339 2414 4407 efﬁciens.
2453 4336 2634 4402 Quare
2680 4335 2854 4388 serica
2912 4336 3078 4387 vestis
3133 4332 3394 4402 peculiari
3451 4348 3539 4384 ra-

1963 4433 2109 4485 tione
2173 4431 2364 4494 lii'atta,
2415 4429 2611 4482 lilatlca
2649 4428 2731 4482 vel
2770 4427 2953 4479 hlattia
2986 4426 3203 4479 dicitur.
3276 4425 3540 4477 l’t'almea

1964 4526 2091 4579 illud
2154 4522 2568 4576 admouuerim:
2606 4536 2727 4574 cum
2765 4519 2961 4588 duplex
3025 4521 3292 4588 scriptura
3343 4520 3413 4569 sit
3447 4533 3543 4568 uo-

1952 4616 2127 4700 .ntinis
2152 4612 2442 4687 βλαττίον;
2487 4611 2654 4665 altera
2703 4612 2980 4680 geminato
3012 4628 3061 4670 τ,
3100 4611 3268 4663 altera
3318 4623 3380 4661 ea
3416 4609 3541 4658 siut-

1965 4706 2087 4776 plici
2137 4707 2316 4759 littera
2353 4724 2366 4759 :
2406 4719 2525 4772 quas
2578 4703 2842 4756 hactenus
2897 4702 3130 4753 diximus
3169 4711 3374 4750 tantum
3410 4712 3541 4750 cou-

1964 4798 2151 4852 venire
2182 4796 2259 4866 τῷ
2297 4795 2556 4866 stante),
2597 4792 2869 4861 quomodo
2925 4792 3114 4844 scribit
3154 4800 3206 4843 ct
3247 4789 3400 4845 Anna
3441 4803 3539 4842 no-

1966 4900 2075 4943 stra
2104 4900 2154 4943 et
2210 4888 2491 4941 Ccdrenus
2528 4886 2578 4938 in
2616 4884 2836 4937 Tiberio
2869 4882 2956 4945 ΙΙΙ,
2986 4884 3073 4937 ubi
3121 4888 3382 4935 memorat
3416 4895 3537 4934 στου
3589 4914 3595 4922 ι

1964 4982 2064 5045 λὰς
2095 4978 2412 5051 σω>.ηνατάς
2447 4977 2556 5031 ἀπὸ
2586 4976 2865 5045 βλαττίου.
2929 4976 3005 5030 Ex
3062 4974 3259 5043 quibus
3307 4972 3544 5027 fortasse

1967 5085 2076 5128 tum
2124 5072 2330 5127 Niceta:
2374 5071 2489 5125 loca
2556 5077 2668 5121 tum
2728 5069 2914 5122 Codini
2963 5084 3080 5136 qua:
3132 5067 3348 5138 βλατίον
3399 5066 3542 5119 scri-

1964 5165 2097 5218 bunt
2127 5177 2248 5215 cum
2289 5178 2318 5212 τ
2352 5157 2515 5228 ψιλῷ,
2540 5158 3038 5227 corrigeudasuut.
3070 5156 3222 5221 Quod
3252 5170 3378 5210 vero
3404 5156 3543 5209 ratio

1964 5255 2249 5309 sententiae
2283 5251 2481 5306 alicubi
2529 5251 2697 5313 exigit
2734 5258 2792 5302 ιιι
2843 5247 3098 5318 βλαττίον
3151 5249 3401 5302 volumen
3442 5247 3538 5309 sit,

1964 5357 2143 5399 ortum
2201 5346 2368 5399 videri
2404 5352 2583 5415 potest
2619 5357 2681 5396 ex
2742 5356 2808 5395 eo
2860 5340 3001 5407 quod
3058 5341 3221 5408 panni
3273 5338 3542 5409 cjusmodi

1967 5439 2128 5493 serici
2164 5448 2452 5507 antequam
2493 5436 2544 5490 in
2579 5446 2766 5504 partes
2802 5435 2934 5487 secti
2965 5434 3243 5501 assutiqnc
3275 5433 3325 5487 in
3361 5442 3542 5487 vestes

1963 5539 2169 5590 essent.
2201 5530 2251 5583 in
2287 5530 2560 5583 volumina
2610 5527 3089 5596 complicabantur
3121 5525 3352 5596 βλαττία
3383 5523 3545 5595 vulgo

1973 5623 2233 5676 vocitata.
2269 5620 2552 5674 Postremo
2582 5618 2711 5672 illud
2746 5632 2970 5673 munere
3012 5634 3118 5673 non
3152 5619 3397 5670 omittam
3434 5631 3541 5669 non

1966 5727 2088 5765 csse
2123 5719 2312 5765 eoatra
2350 5726 2460 5762 rem
2493 5724 2556 5762 ac
2591 5707 2917 5761 sententiam
2977 5719 3218 5761 nostram
3252 5704 3545 5759 stabilitam

1967 5803 2052 5857 hic
2078 5818 2105 5854 a
2168 5801 2324 5855 nobis
2356 5800 2532 5853 locum
2564 5799 2712 5853 illum
2746 5798 2958 5863 Codini,
2999 5812 3117 5866 cap.
3146 5796 3201 5857 4.
3238 5812 3291 5850 ιι.
3324 5795 3416 5871 20,
3456 5795 3546 5849 ubi

1968 5895 2166 5951 mentio
2218 5901 2304 5949 est
2354 5890 2553 5946 λευκοῦ
2629 5891 2903 5948 Βλαττίου,
2954 5890 3026 5948 Ut
3093 5890 3238 5945 enim
3295 5888 3544 5945 omittam
