3960 6588
485 400 620 469 1219

482 519 645 572 etiam
696 520 989 577 candorem
1035 538 1287 593 purpura:
1334 523 1522 589 tribui,
1583 524 1769 581 Horat.
1816 525 1930 582 Sat.
1983 543 2055 591 vt,

480 607 574 664 lib.
610 624 651 665 ιι
684 628 699 665 :

1009 747 1189 803 Rubro
1217 752 1304 804 ubi
1330 769 1480 807 cocco

586 813 773 870 Tincta
804 834 961 886 super
987 819 1143 875 lectos
1168 825 1415 878 canderet
1438 826 1592 879 vestis
1623 827 1845 881 eburnos
1871 847 1891 893 ,-

488 964 616 1004 sane
673 951 876 1005 ferrum
918 954 1039 1021 igne
1072 967 1353 1028 concepto.
1387 961 1526 1026 quod
1565 964 1800 1017 camlcns
1836 964 2053 1031 dicitur,

481 1056 812 1109 purpureum
846 1046 1106 1113 l‘nlgormn
1138 1050 1317 1105 habet.
1354 1052 1424 1107 Ut
1460 1070 1562 1107 non
1584 1058 1899 1122 portendant
1936 1075 2055 1129 meo

468 1131 589 1202 jure
616 1150 867 1200 quaths
895 1140 1240 1193 eminentiam
1291 1145 1624 1212 splendentis
1652 1150 1701 1199 in
1726 1165 1824 1200 suo
1856 1166 2054 1215 genere

475 1225 675 1278 coloris
705 1244 998 1295 purpuram
1038 1232 1312 1287 interdum
1357 1239 1636 1305 appellari.
1663 1239 1817 1296 Unde
1850 1259 2053 1314 purpu-

472 1328 575 1365 rea:
621 1318 769 1368 nives
820 1318 976 1372 dicta:
1031 1324 1403 1388 reperiuntur.
1446 1325 1577 1380 Illud
1628 1331 1785 1382 modo
1836 1334 1957 1385 dico
1988 1347 2053 1385 eo

472 1403 589 1467 ipso
616 1412 757 1471 quod
783 1405 1022 1463 Codinus
1047 1414 1356 1480 signiﬁcare
1388 1418 1572 1472 volens
1632 1420 1918 1487 logutheta:
1971 1424 2051 1492 pi.

471 1492 610 1545 lenm
635 1513 695 1547 ex
725 1504 897 1551 serico
925 1503 1046 1554 albo
1065 1506 1363 1571 splendenti
1387 1523 1528 1570 esse,
1555 1513 1753 1563 vocavit
1779 1513 1903 1566 illttd
1925 1514 2050 1566 λευ-

474 1584 570 1636 κὸν
604 1585 879 1652 βλαττίςν,
923 1603 1057 1647 Satis
1093 1597 1359 1651 indicasse
1401 1598 1655 1666 βλαττίον
1689 1604 1883 1665 solum.
1911 1607 2050 1660 seri-

472 1692 593 1728 cmn
628 1695 747 1733 esse
788 1699 1141 1749 pllert‘ettttt,
1180 1705 1299 1754 «pne
1326 1691 1509 1759 opinio
1546 1705 1735 1748 nostra
1787 1704 1870 1749 est
1908 1699 2046 1768 arqui

472 1765 692 1822 lectoris
734 1776 961 1825 arbitrio
996 1778 1259 1841 subjecta.

543 1880 789 1948 Beldzm.
818 1882 938 1936 Lilt.
972 1902 1086 1943 vttt.
1116 1905 1235 1954 pag,
1265 1889 1367 1942 29.7
1410 1908 1423 1942 :
1466 1892 1571 1945 Καὶ
1613 1894 1804 1949 ὀπόσοι
1837 1898 1929 1949 τὸν
1959 1916 2047 1952 νο-

474 1967 617 2033 μάδα
649 1968 762 2036 βίον
795 1973 1007 2025 εἴλοντο
1048 1976 1307 2047 (βλὰχους
1354 1982 1572 2033 τούτου;
1604 1984 1634 2051 ἡ
1672 1985 1825 2056 κοινὴ
1858 1988 2047 2041 καλεῖν

463 2050 571 2109 οἶδε
607 2060 935 2130 διάλεκτος).
974 2066 1031 2118 Et
1076 2078 1253 2121 tamen
1290 2070 1481 2122 Blaclti
1508 2075 1821 2141 populorum
1854 2094 2044 2132 nomen

469 2163 549 2204 est
601 2153 841 2208 Moesiam
891 2162 1222 2227 Superiorem
1293 2165 1661 2233 incolentium,
1722 2171 1811 2238 qui
1885 2170 2047 2226 hodie

462 2242 688 2300 Yalaehi
718 2262 997 2310 Vocantur.
1029 2257 1156 2307 olim
1205 2256 1435 2312 fortasse
1464 2277 1526 2314 ex
1557 2262 1772 2332 Scythis
1803 2266 2045 2319 nomadi-

468 2335 570 2389 btts
595 2351 648 2391 ‹·ι
687 2342 1025 2398 ltatnaxnhiis
1052 2351 1199 2415 vagis
1233 2349 1284 2400 itt
1316 2350 1381 2403 iis
1414 2352 1646 2420 denique.
1670 2357 1889 2409 sedibus
1912 2372 2043 2410 con-

467 2429 816 2495 quiesct-nles
847 2450 859 2485 :
885 2437 1025 2488 unde
1055 2438 1339 2493 imalnerit
1374 2454 1427 2494 ιιι
1458 2446 1731 2513 proprium
1757 2460 1914 2501 antea
1951 2465 2041 2503 se.

456 2532 568 2571 cue
599 2529 763 2588 atqtte
804 2525 1037 2578 inStituti
1080 2544 1276 2582 nomen
1311 2533 1456 2597 genti
1491 2539 1829 2602 postmodum
1859 2538 2043 2593 adline-

460 2608 616 2665 serit.
677 2608 859 2679 Neque
890 2629 1032 2664 enim
1075 2632 1346 2684 nunquam
1386 2622 1561 2671 studia
1612 2624 1661 2673 io
1698 2628 1915 2692 generis
1949 2644 2042 2695 ap-

458 2700 801 2765 pellationem
840 2713 1120 2758 transeunt
1153 2709 1202 2758 in
1237 2710 1523 2763 similibus.
1554 2714 1860 2769 Occurrunt
1882 2736 2041 2781 ,nnnc

457 2788 606 2843 Corsi
626 2808 736 2844 Sive
756 2795 988 2849 Corsicae
1007 2797 1192 2850 insula:
1213 2801 1443 2854 cultores
1462 2806 1549 2871 qui
1570 2809 1822 2872 quonian
1845 2826 2039 2878 oppor-

460 2883 682 2934 tunitate
707 2885 1255 2944 littortttnettnarium
1287 2894 1443 2967 iliceti
1478 2898 2035 2963 priatiCttntolints~tu~

457 2972 601 3026 diose
634 2973 971 3037 iactitabant,
1010 2982 1128 3031 inde
1162 2985 1364 3048 vulgari
1400 2989 1657 3040 rocaltttlo
1682 2992 1884 3058 piratas
1920 3010 2035 3047 cor-

454 3066 621 3117 safres
640 3066 867 3120 titt'ittttls
892 3086 903 3120 :
926 3072 999 3121 uti
1027 3086 1073 3123 et
1098 3072 1333 3127 latrones
1359 3076 1605 3146 brigmtds
1628 3094 1875 3136 vocamus
1895 3087 2034 3152 quod

453 3151 733 3225 Brigantes
768 3160 894 3211 olim
932 3162 1131 3231 Magne
1162 3166 1450 3221 Britanniae
1495 3174 1671 3239 populi
1723 3174 2032 3230 latret-into-

459 3261 576 3298 rum
635 3252 849 3302 infantia
907 3253 1193 3322 ﬂagrarent
1223 3274 1236 3309 :
1269 3272 1323 3311 ιιι
1357 3263 1599 3314 omittam
1652 3263 2029 3323 Cltaldaroruin

456 3354 652 3392 nomen
690 3350 884 3405 smpius
909 3345 1035 3397 olim
1070 3350 1372 3420 astrologia:
1404 3356 1636 3409 studium
1675 3375 1832 3423 quam
1857 3362 2029 3414 locum

459 3432 650 3496 patria:
679 3434 1007 3501 designasse.
1040 3436 1134 3489 (Σιιί
1169 3445 1439 3508 geminum
1467 3455 1547 3497 est
1579 3450 1720 3514 qnod
1749 3464 2025 3503 saevarum

448 3518 777 3575 Litterarutn
840 3526 1157 3595 interpretes
1226 3534 1490 3589 adnotant
1559 3538 1610 3590 in
1671 3540 1774 3593 illis
1851 3545 2029 3596 verbis

448 3608 709 3665 Proverh.
749 3631 905 3678 xxxi.
944 3618 1012 3670 ‘25
1045 3636 1058 3673 :
1115 3619 1400 3678 Sindoncm
1434 3625 1560 3695 fecit
1606 3640 1655 3683 et
1704 3632 1938 3686 vendidit
1979 3648 2026 3689 et

447 3702 717 3773 cingulum
741 3707 965 3762 tradidit
995 3712 1325 3781 Cltanaua’o,
1362 3717 1851 3777 Chanatueumdiei
1886 3742 2026 3779 mer-

448 3806 711 3850 calorem.
766 3798 868 3854 Sed
920 3805 1099 3859 nullus
1146 3807 1217 3861 sit
1266 3810 1389 3863 linis
1446 3813 1489 3864 si
1515 3829 1700 3866 curem
1735 3832 2026 3886 congerere

448 3898 641 3939 cuncta
680 3891 796 3955 ejus
853 3892 951 3946 loci
1002 3882 1269 3967 exempla.
1328 3899 1507 3956 l'nmn
1575 3906 1768 3958 addam
1822 3914 1888 3964 de
1918 3927 2024 3979 quo

448 3975 613 4031 fuerit
641 3998 822 4046 operte
852 3989 1084 4053 pretium
1120 3995 1410 4046 monuisse.
1437 3993 1671 4051 Joannes
1707 3998 2020 4069 Sinnamus,

450 4071 605 4136 cujus
630 4070 988 4128 Historiarum
1009 4078 1176 4133 libtos
1212 4099 1384 4135 rerum
1403 4089 1765 4142 narrationem
1788 4091 2021 4147 indidem

451 4160 543 4211 ubi
604 4164 778 4216 Annae
832 4181 1030 4220 nostra:
1066 4172 1280 4227 Alexias
1311 4178 1505 4230 desinit
1541 4184 1886 4249 auspicantes
1918 4184 2022 4240 La-

442 4254 555 4305 tina
586 4257 832 4311 versione
879 4262 1296 4329 deproperamus
1347 4271 1495 4323 brevi
1525 4276 1855 4357 proditurps,
1882 4278 2020 4333 libro

441 4346 681 4397 secundo
710 4351 953 4403 meminit
992 4356 1408 4421 depra-dationis
1462 4362 1735 4432 Mysorum
1770 4346 1889 4435 ᾇιιω
1932 4371 2015 4423 in-

442 4442 525 4484 ter
563 4433 793 4490 Cilicum
829 4451 883 4493 et
914 4445 1219 4500 Antiochia}
1256 4447 1428 4520 Syria:
1480 4453 1613 4507 lines
1647 4433 2012 4516 exerceretur.

440 4520 597 4578 Unde
659 4540 838 4581 autem
890 4533 980 4585 tali
1044 4536 1161 4590 loco
1204 4539 1380 4606 Mysi?
1426 4541 1629 4613 Nempe
1670 4546 1850 4618 Mysos
1884 4553 2017 4607 viles

436 4627 703 4683 personas
753 4630 805 4673 ct
856 4626 1123 4695 mancipia
1166 4631 1438 4702 intelligit,
1476 4639 1859 4709 signiﬁcatque
1907 4662 2016 4697 ma-

434 4720 604 4773 gnum
660 4726 941 4766 numerum
980 4720 1301 4773 rusticorum
1339 4736 1390 4776 et
1422 4728 1602 4781 vilium
1652 4736 1883 4798 capitum
1919 4750 2014 4789 ca-

434 4806 557 4863 ptos
590 4806 643 4849 et
670 4802 917 4855 servituti
952 4802 1120 4860 fuisse
1142 4811 1406 4867 addictos.
1443 4815 1494 4867 ιιι
1529 4820 1663 4873 adeo
1692 4822 1814 4875 inde
1833 4834 2009 4877 ortum

435 4890 698 4956 Suspicari
728 4891 810 4945 fas
843 4904 924 4948 est
966 4900 1113 4966 quod
1177 4902 1449 4973 Mysorum
1488 4927 1618 4978 gens
1667 4914 2010 4982 despicabilis

435 4986 490 5031 et
511 4983 754 5036 servituti
780 4997 900 5038 nata
923 4988 1047 5042 olim
1076 4995 1360 5058 proverbio
1392 4997 1564 5052 locum
1592 5002 1815 5059 dederat
1838 5007 2007 5077 ἔσχα-

434 5086 524 5133 τος
551 5074 780 5139 Μυσῶν,
819 5094 938 5131 cum
960 5081 1185 5148 alicujus
1216 5086 1397 5139 intima
1430 5091 1605 5145 vilitas
1636 5100 2006 5166 exaggeranda

431 5175 553 5216 cum
581 5170 869 5234 hyperbole
904 5172 1289 5229 essetftltcero
1334 5196 1428 5247 pro
1469 5181 1683 5248 Flacco,
1706 5199 1839 5242 sect.
1887 5189 1956 5244 65
1987 5209 2001 5244 :

436 5253 575 5319 Quid
598 5273 753 5322 porro
793 5263 846 5315 in
880 5263 1065 5319 (ἐιίινεο
1114 5285 1355 5324 sermone
1382 5282 1488 5326 tum
1520 5277 1703 5328 tritum
1733 5290 1886 5349 atque
1920 5298 2006 5335 cc-

431 5343 694 5403 lebratunt
740 5368 817 5408 est
874 5374 1029 5425 quam
1079 5364 1125 5414 si
1185 5366 1303 5433 quis
1343 5366 1645 5435 despicatui
1697 5371 1913 5426 ducitur
1947 5384 2003 5428 ut

429 5435 702 5506 Mysorum
745 5446 962 5502 ultimus
995 5467 1107 5503 esse
1137 5454 1373 5519 dicatur,
1406 5458 1542 5513 etc.?
1568 5456 1734 5528 Igitur
1771 5470 1827 5515 ut
1862 5465 1997 5535 Mysi

430 5537 699 5600 mancipia
751 5540 899 5604 dicti,
954 5553 1008 5593 ut
1068 5546 1204 5597 bello
1256 5549 1394 5616 capti
1424 5550 1553 5602 dura
1589 5563 1639 5604 et
1686 5553 1999 5611 inclementi

424 5623 684 5678 servitute
711 5628 877 5683 habiti
914 5631 1089 5687 Sclavi
1132 5638 1243 5691 sive
1272 5639 1416 5693 Slavi
1452 5643 1698 5707 vocitati,
1735 5644 1831 5709 sic,
1868 5644 2001 5701 Bla-

422 5708 527 5775 clti,
563 5731 682 5767 eum
737 5722 913 5787 gentis
959 5739 1104 5793 vagae
1164 5731 1436 5797 proprium
1464 5743 1610 5787 esset
1645 5748 1870 5799 nomen,
1902 5752 1997 5807 ap-

421 5804 666 5867 pellative
701 5826 879 5879 postea
914 5818 1281 5887 designaverit
1312 5822 1578 5879 instabilis
1603 5834 1653 5881 et
1683 5826 1994 5884 desultoria:

1649 408 2147 474 GLOSSARIUM
2179 411 2549 478 ANNEUM.

3597 430 3714 497 1229

2165 530 2288 582 vita:
2320 530 2607 599 Barbaros,
2636 534 2853 597 ἑλόντας
2870 534 2960 589 τὸν
2991 538 3199 608 νομάδα
3222 539 3360 612 βεσν.
3394 544 3641 601 erratica
3666 558 3717 603 et

2166 635 2428 688 nusquam
2466 623 2716 680 habentis
2743 627 3078 684 domicilium
3109 631 3230 686 vita!
3260 635 3553 689 sectarios.

2230 715 2609 781 Βραχιόνιον.
2663 717 2783 770 Τῶν
2827 719 3143 791 Βλαχερνῶν
3184 722 3279 778 lib.
3310 740 3370 779 ιι.
3408 725 3505 778 Est
3538 726 3715 797 opinor

2159 820 2348 859 murus
2399 808 2515 860 sive
2548 809 2784 865 ambitus
2834 816 3093 878 exterior,
3132 816 3395 872 subnrbio
3422 818 3713 877 Constantia

2159 898 2469 964 nopolitano
2494 899 2803 956 Illac/term:
2838 905 2981 958 dicto
3008 906 3403 962 circumdatus.

2227 990 2463 1054 Βρεϐία.
2495 989 2736 1061 Catalogi
2773 1010 3021 1048 vasorum
3048 1012 3328 1051 sacrorum
3350 1010 3403 1054 et
3431 1004 3715 1069 possessio-

2158 1094 2282 1132 num
2308 1078 2561 1134 Ecclesia:
2602 1082 2696 1137 ιιι».
2736 1100 2807 1149 Vt,
2841 1101 2961 1156 pag.
2998 1088 3097 1141 157
3135 1105 3150 1153 ;
3197 1104 3471 1161 sumptum
3528 1110 3591 1147 ex
3626 1111 3712 1150 usu

2157 1172 2323 1223 veteri
2355 1170 2603 1226 Ecclesia:
2632 1172 2858 1229 Latinae.
2897 1177 3107 1231 Etenim
3143 1183 3368 1250 Optatus
3414 1184 3557 1239 ltbro
3579 1200 3615 1248 ι,
3645 1197 3711 1240 te-

2154 1271 2331 1314 statur
2361 1279 2373 1314 :
2409 1264 2649 1317 chartam
2684 1267 2735 1318 in
2776 1283 2880 1336 qua
2916 1274 3222 1340 conscripta
3250 1287 3434 1329 essent
3472 1276 3609 1330 bona
3630 1295 3711 1333 cc-

2156 1354 2456 1408 clesiastica
2490 1356 2687 1411 brevem
2724 1363 2939 1429 proprie
2974 1377 3239 1422 vocatam.

2220 1446 2466 1515 Βρύσις.
2493 1447 2608 1503 Lib.
2640 1468 2729 1513 xv,
2756 1470 2857 1507 non
2894 1454 3049 1524 longe
3077 1458 3143 1512 ab
3169 1458 3323 1513 initio
3366 1462 3465 1514 καὶ
3498 1478 3711 1533 στρατο-

2149 1538 2363 1591 πεδεύει
2417 1542 2559 1594 κατὰ
2609 1542 2705 1612 τὴν
2758 1546 2949 1615 βρύσιν
3004 1548 3100 1599 τοῦ
3165 1551 3471 1620 Καρυκέως
3528 1556 3710 1609 καλου-

2153 1626 2344 1695 μένην.
2383 1626 2497 1683 Non
2530 1642 2611 1684 est
2644 1634 2866 1688 dubium
2904 1639 3026 1705 quin
3062 1640 3253 1708 βρύοις
3282 1645 3352 1695 sit
3378 1644 3523 1697 fons.
3554 1644 3603 1698 Id
3628 1663 3709 1701 vo.

2147 1720 2227 1771 cis
2259 1723 2429 1788 ipsum
2462 1735 2680 1793 etymon
2719 1728 2936 1782 clamat.
2974 1731 3071 1784 Est
3121 1736 3266 1787 cnim
3297 1751 3323 1787 a
3356 1736 3513 1806 βρὺω
3544 1749 3710 1791 seatu-

2149 1810 2250 1865 rio.
2275 1813 2479 1867 Practer
2519 1831 2610 1869 eas
2651 1822 3002 1875 auctoritates
3031 1839 3166 1891 quas
3201 1828 3392 1879 recitat
3455 1828 3708 1886 Meursius

2146 1902 2342 1963 alieno.
2369 1909 2416 1955 ni
2448 1906 2622 1970 fallor,
2644 1908 2780 1969 loco.
2803 1927 2992 1979 nempe
3025 1916 3074 1966 in
3112 1927 3273 1970 Verbo
3304 1918 3544 1989 βριςίον,
3579 1924 3707 1990 quod

2146 1994 2371 2049 alterius
2401 1997 2626 2063 originis
2650 2011 2700 2052 et
2731 2003 3066 2070 signiﬁcatus
3100 2018 3201 2060 est.
3246 2012 3381 2061 l’uto
3414 2024 3597 2065 autem
3626 2016 3707 2069 de-

2146 2080 2352 2148 signari
2417 2086 2766 2149 peculiariter
2824 2096 2986 2144 verbo
3036 2094 3286 2165 βρύσεως
3326 2100 3506 2152 locum
3548 2104 3701 2168 ipsum

2143 2174 2494 2242 seaturiginis
2530 2194 2592 2231 ex
2626 2194 2733 2248 quo
2767 2185 3011 2249 protinus
3039 2187 3285 2241 hauritur
3315 2206 3330 2244 :
3362 2193 3431 2245 ad
3461 2192 3706 2249 dim-ren-

2146 2264 2272 2315 tiam
2305 2266 2500 2335 πηγῶν
2544 2272 2636 2321 καὶ
2671 2274 2888 2343 κρηνῶν
2938 2277 3147 2331 illarum
3198 2297 3315 2349 quae
3365 2286 3622 2352 Operibns
3657 2288 3703 2344 in

2143 2356 2305 2408 urbes
2350 2358 2758 2427 inducebantur,
2799 2366 3097 2431 enjnsmodi
3131 2384 3247 2424 erat
3301 2375 3332 2443 ἡ
3386 2377 3701 2447 ἐννεάκρου-

2148 2463 2237 2509 νος
2263 2452 2510 2505 Athenis.
2548 2454 2652 2505 Sed
2692 2456 2880 2510 horum
2912 2459 3138 2513 fontium
3168 2464 3408 2529 origines
3430 2473 3703 2534 oportebat

2141 2540 2323 2592 altior't
2361 2556 2481 2596 esse
2529 2546 2657 2610 situ,
2710 2548 2851 2601 unde
2875 2566 2967 2615 per
3027 2568 3252 2618 pronum
3283 2572 3392 2624 quo
3435 2572 3553 2613 erat
3580 2576 3700 2627 opus

2141 2633 2329 2687 deduci
2379 2648 2617 2701 possent.
2656 2641 2723 2692 At
2755 2641 2947 2711 βρύοις
2979 2646 3190 2698 videtur
3219 2648 3321 2702 dici
3372 2649 3494 2704 fons
3535 2653 3703 2706 humi-

2139 2722 2264 2789 lior,
2320 2726 2792 2799 qualcmoptahat
2851 2733 3129 2789 Juvenalis
3186 2740 3310 2808 (Sat.
3366 2752 3471 2808 nl),
3531 2746 3703 2799 uillico

2137 2814 2268 2868 culti
2310 2817 2476 2885 ltorti,
2522 2832 2735 2886 puteum
2778 2842 2966 2893 nempe
2995 2830 3218 2895 brevem,
3249 2835 3347 2885 hoc
3378 2847 3485 2897 est,
3510 2838 3707 2892 nonal-

2140 2918 2272 2972 ltttn,
2305 2927 2396 2964 nec
2447 2924 2581 2966 reste
2625 2920 2955 2986 movendum,
2999 2939 3183 2977 \‘ernm
3211 2932 3350 2979 unde
3403 2946 3568 2983 manu
3598 2934 3703 2986 sols

2138 3014 2259 3053 cum
2299 3003 2457 3054 situla
2491 3005 2723 3060 demissa
2758 3010 2974 3067 haurire
3029 3013 3211 3069 liceat.
3270 3021 3592 3089 Quanquam
3623 3024 3703 3077 fu-

2136 3107 2257 3144 nem
2318 3110 2345 3145 a
2396 3094 2586 3163 βρύσει
2636 3115 2738 3153 non
2774 3104 3013 3157 excludit
3064 3108 3321 3176 Codinus,
3366 3130 3491 3181 cap.
3537 3116 3591 3181 7,
3631 3116 3703 3173 De

2138 3182 2364 3252 Ofﬁciis,
2402 3204 2549 3242 ιιιιιιι.
2578 3190 2662 3252 l6,
2690 3209 2812 3261 pag.
2846 3196 2935 3260 9|,
2964 3198 3092 3252 edit.
3117 3199 3247 3269 Reg.
3282 3206 3370 3257 ulti
3404 3206 3484 3259 sic
3507 3208 3699 3266 habet:

2135 3277 2292 3328 Κατὰ
2326 3279 2426 3347 μὲν
2457 3281 2517 3333 τὸ
2552 3286 2783 3337 παλαιὸν
2814 3291 2971 3353 ἐκτὸς
3002 3292 3101 3362 τῆς
3132 3295 3340 3359 πόλεως
3386 3300 3701 3358 ἀκολουθῶν

2130 3366 2207 3432 τῷ
2256 3368 2465 3437 βασιλεῖ
2509 3374 2557 3441 (ὁ
2587 3376 2875 3448 Πικέρνης)
2906 3380 3068 3453 ἔφερε
3102 3388 3379 3442 κιιιοὼνιον
3411 3393 3557 3460 μετὰ
3576 3394 3704 3448 ato.

2133 3475 2304 3522 σεως·
2347 3462 2422 3523 ὡς
2462 3466 2527 3517 ἂν
2555 3468 2604 3518 εἰ
2636 3470 2694 3519 ἐν
2748 3472 2907 3542 χρείᾳ
2944 3474 3151 3540 γένοιτο
3196 3483 3339 3532 πιεῖν
3386 3485 3556 3535 αὑτὸν
3592 3486 3698 3540 ἀπὸ

2131 3545 2333 3615 βρύσου
2369 3552 2472 3621 (al.
2508 3553 2736 3626 βρύσης,
2772 3559 2910 3613 torte
2956 3562 3224 3632 βρύσεως,
3259 3569 3290 3640 ἢ
3323 3574 3601 3645 ποταμοῦ)
3627 3576 3699 3647 δῷ

2128 3642 2288 3694 τοῦτο
2346 3646 2561 3714 (nn-ltus
2611 3648 2751 3705 forte
2816 3652 2962 3723 legas
3027 3658 3229 3731 τούτῳ)
3285 3667 3383 3718 καὶ
3437 3642 3697 3739 “nim—Ibi

2126 3732 2315 3798 ἅλυσις
2350 3754 2453 3790 non
2504 3750 2610 3793 tam
2645 3745 2710 3794 ad
2744 3750 3079 3805 Commodius
3134 3754 3411 3812 ferendum
3471 3778 3697 3831 suspen-

2125 3842 2243 3879 sum
2274 3848 2305 3882 e
2343 3836 2591 3886 eatennla
2626 3838 2902 3903 pocillum,
2934 3858 3093 3909 quam
3127 3849 3191 3899 ad
3222 3851 3507 3908 hauriendi
3542 3872 3694 3914 usum

2125 3926 2583 3977 accommodatam
2616 3931 2942 3985 mentionem
2978 3935 3156 3991 habet.
3190 3940 3303 3995 Non
3340 3960 3481 4015 nego
3517 3958 3694 4006 tanien

2124 4014 2307 4083 πηγὴν
2336 4024 2386 4066 et
2422 4015 2618 4085 βρύσιν
2658 4021 2770 4073 sive
2806 4024 3012 4095 βρύσην
3059 4044 3177 4082 esse
3205 4049 3527 4104 synonyma.
3561 4039 3693 4096 Nam

2121 4117 2281 4170 quem
2316 4106 2489 4160 locum
2534 4110 2862 4168 Βασιλακίου
2904 4117 3112 4192 βρύσην
3145 4126 3499 4196 Cnropalates
3524 4135 3696 4189 centi-

2122 4207 2316 4250 nuator
2339 4201 2564 4256 Ccdreui
2596 4209 2885 4263 vocitatum
2927 4221 3026 4278 ait,
3062 4219 3148 4273 nhi
3177 4222 3356 4277 clio~si
3396 4225 3694 4287 Botauiata

2119 4288 2349 4355 Augusti
2407 4292 2563 4360 jussu
2622 4297 2891 4357 Basilacio
2941 4318 3067 4360 sunt
3100 4315 3263 4376 oculi,
3296 4316 3450 4369 Anna
3510 4332 3689 4377 nostra

2119 4381 2428 4449 diligentius
2461 4398 2625 4441 totam
2664 4392 2954 4449 llistoriam
2988 4400 3304 4460 Basilaciaui
3337 4409 3462 4465 belli
3495 4429 3558 4467 ac
3584 4418 3690 4470 cla-

2119 4472 2203 4525 dis
2257 4476 2501 4531 referens
2541 4482 2724 4553 πηγὴν
2762 4483 3100 4544 Βασιλακίου
3151 4497 3350 4551 dictum
3396 4504 3494 4555 ait.
3552 4505 3687 4571 Non,

2117 4567 2571 4628 quemadmodum
2638 4576 2718 4627 vir
2766 4578 2956 4634 doctus
2989 4585 3039 4636 in
3089 4590 3244 4641 novis
3296 4594 3361 4643 ad
3414 4582 3684 4653 Codinum

2116 4653 2267 4710 Notis
2295 4676 2464 4728 nuper
2496 4665 2704 4730 docuit,
2739 4683 2864 4738 pag.
2919 4676 3009 4736 95,
3046 4679 3178 4732 edit.
3214 4679 3260 4733 Β
3285 4684 3422 4751 λειω,
3452 4694 3593 4755 tpmd
3620 4694 3685 4743 ab

2114 4746 2321 4813 e/fossis
2346 4749 2606 4809 Basilacii
2634 4762 2803 4813 oculis
2837 4769 3114 4834 sanguinis
3149 4770 3322 4840 fontes
3369 4793 3480 4828 cru
3503 4780 3684 4844 issent,

2115 4836 2166 4887 in
2203 4852 2309 4905 quo
2344 4842 2477 4895 nihil
2514 4860 2784 4903 exczecato
2828 4850 3091 4909 Basilacio
3125 4836 3401 4928 proprium
3456 4866 3550 4918 fuit
3580 4885 3592 4933 ;
3628 4881 3686 4924 nt

2112 4929 2387 4994 omittam,
2413 4949 2519 5001 quo
2553 4946 2676 4992 tunc
2704 4943 2862 4995 modo
2896 4952 3288 5007 excatcationes
3331 4956 3453 5012 ista:
3488 4960 3687 5015 ﬁebant

2110 5020 2418 5075 admotiOne
2447 5024 2661 5082 lamina:
2709 5034 3014 5099 candentis,
3071 5041 3235 5095 videri
3272 5047 3407 5099 citra
3465 5052 3687 5108 missio-

2109 5123 2230 5160 nem
2282 5114 2563 5180 sanguinis
2594 5124 2895 5184 perpetrari
2936 5128 3161 5197 solitas;
3198 5136 3288 5186 sed
3326 5141 3471 5203 quod
3503 5147 3681 5197 conti-

2110 5199 2249 5266 gerit
2292 5206 2554 5258 excmcari
2608 5208 2928 5265 Basilacium
2986 5230 3152 5283 prope
3213 5220 3416 5276 fontem
3471 5243 3537 5281 ex
3573 5229 3682 5283 hoc

2107 5291 2297 5344 deinde
2351 5309 2481 5349 casu
2540 5302 3007 5367 cognominatum.
3058 5306 3273 5365 Videsis
3318 5316 3530 5372 Annam
3574 5324 3681 5376 sub

2102 5381 2335 5433 medium
2362 5383 2484 5439 libri
2512 5402 2527 5440 ι
2560 5386 2891 5457 Corrigenda
2941 5395 3266 5466 hinclobiter
3296 5418 3457 5470 prava
3495 5409 3679 5479 lectio,

2101 5480 2155 5523 et
2185 5486 2332 5527 exea
2369 5489 2496 5531 nata
2534 5495 2639 5533 non
2672 5495 2820 5538 recta
2869 5486 3247 5559 interpretatio
3279 5495 3379 5551 loci
3423 5499 3680 5570 Compa-

2100 5560 2220 5617 latae
2247 5565 2298 5617 in
2332 5566 2633 5639 Botaniate,
2662 5590 2781 5646 pag.
2821 5577 2928 5632 866
3000 5582 3257 5641 editionis
3297 5588 3479 5659 Regia:
3513 5612 3527 5649 :
3563 5560 3677 5649 iiut

2110 5652 2297 5708 ἔκτοτε
2350 5658 2379 5709 ὁ
2423 5660 2588 5726 τόπος
2651 5665 2965 5737 ὠνόμασται,
3024 5672 3219 5744 βρύοις
3283 5680 3378 5733 τοῦ
3443 5684 3673 5739 Βασίλα-

2111 5745 2255 5800 κξου.
2294 5746 2424 5814 Qua:
2454 5754 2534 5807 sic
2587 5755 2764 5812 reddit
2807 5760 3074 5831 interpres
3104 5782 3119 5820 :
3151 5766 3221 5820 Et
3254 5786 3318 5823 ex
3347 5788 3407 5825 eo
3446 5784 3671 5843 tempore

2093 5834 2240 5893 locus
2270 5839 2359 5896 ille
2409 5845 2708 5915 appellatus
2760 5862 2841 5907 est
2883 5854 3123 5924 frunitus
3153 5857 3430 5918 Basiiacii.
3467 5834 3668 5937 Legem
