3960 6584
572 483 986 539 Ἐπισκὺνιοι·.
1021 481 1267 551 Antiqua
1313 477 1673 535 institutionis
1704 496 1842 546 vox;
1892 480 1984 534 sed
2022 479 2073 531 in

504 591 608 646 qua
649 577 890 629 nonnihil
919 577 1072 628 Anna
1108 585 1292 628 nostra
1346 573 1682 641 καινοτομεῖ.
1740 571 1793 624 ΙιΙ
1838 586 1945 642 quo
1995 572 2078 624 in-

505 670 795 736 lelljgatttt‘,
832 683 991 736 quam
1031 666 1366 730 necessario,
1405 675 1509 719 tam
1549 664 1784 719 breviter
1826 658 2075 733 repeten-

502 767 626 818 dum
660 775 763 829 est,
797 764 938 832 quod
976 763 1216 818 notionis
1261 762 1385 816 huic
1425 762 1594 816 verbo
1627 760 1962 829 suhjccerint
1987 774 2082 814 ve-

500 865 665 908 teres.
738 855 1053 908 Eustathius
1103 855 1168 906 ad
1240 852 1436 922 Odyss.
1492 869 1529 920 η
1579 867 1592 903 :
1639 853 1985 905 Ἐπισκυνίου
2045 851 2078 921 ἡ

503 944 773 1014 ἑρμηνεία
821 944 974 1013 παρὰ
1023 945 1137 1006 τοῖς
1199 943 1451 1005 παλαιοῖς
1509 941 1690 1012 αὕτη·
1757 943 2080 997 ἐπισκύνιον

500 1035 644 1104 ὑπἐρ
703 1034 878 1105 ὀφρὺν
936 1033 1288 1104 ὲποφρύδιον.
1360 1034 1501 1088 Idem
1562 1034 1690 1088 alibi
1746 1050 1938 1103 nempe
2007 1033 2076 1088 ad

499 1126 665 1180 Iliad.
691 1143 722 1196 ρ
761 1149 774 1182 ε
820 1127 1170 1180 Ἐπισκύνιον
1209 1127 1266 1179 δέ
1306 1127 1444 1189 ἐστι,
1477 1127 1616 1179 κατὰ
1653 1126 1781 1187 τοὺς
1815 1125 2080 1188 παλαιοὺς

498 1217 696 1280 εἰπεῖν,
738 1217 1033 1287 ὲπίδερμον
1067 1216 1096 1269 ὃ
1141 1215 1470 1285 ὲπιχαλᾶται
1521 1219 1636 1279 τοῖς
1683 1216 1791 1268 τῶν
1840 1215 2074 1270 λεόντων

499 1308 804 1379 ὀφθαλμοῖς
835 1309 930 1362 καὶ
959 1309 1228 1361 καλύπτει
1257 1309 1458 1371 αὐτοὺς
1494 1307 1724 1378 προνοίᾳ
1754 1306 1991 1375 φύσεως,
2016 1307 2076 1362 οὐ

495 1402 755 1455 τοσοῦτον
783 1402 870 1454 διὰ
909 1402 1081 1471 θυμὸν
1114 1404 1202 1456 ὅτε
1246 1402 1507 1466 σκύζεται
1540 1401 1598 1454 τὸ
1632 1402 1842 1470 θηρίον,
1870 1401 1898 1454 ὃ
1928 1402 2076 1454 ἐστιν

497 1492 802 1562 ὀργίζεται,
837 1496 961 1547 ὅσον
1004 1495 1116 1557 ἵνα,
1178 1495 1253 1564 μὴ
1288 1494 1502 1563 βλέπων
1535 1493 1606 1546 τὰ
1633 1493 2077 1564 ὲπιρῤιπτόμενα

501 1589 655 1660 βέλη,
679 1589 1033 1659 δειλαίνηται.
1060 1588 1135 1642 Ex
1168 1588 1270 1654 his,
1299 1588 1549 1654 adjuncto
1581 1587 1872 1640 scltoliaste
1892 1587 2078 1641 Nican-

498 1682 581 1736 dri
617 1684 707 1750 qui
765 1681 1083 1735 ἐπισκύνιον
1113 1695 1234 1733 csse
1257 1680 1330 1732 ait
1353 1679 1413 1732 τὸ
1433 1678 1619 1733 ἐπάνω
1641 1678 1750 1732 τῶν
1781 1677 2075 1749 ὀφθαλμῶν

499 1774 689 1846 μέρος,
730 1775 850 1845 ἦτοι
885 1775 1064 1845 δέρμα
1087 1814 1101 1839 ,
1147 1776 1280 1827 satis
1305 1781 1519 1826 constat
1559 1771 1660 1826 hoc
1698 1772 1964 1827 vocabulo
2001 1771 2076 1826 si-

495 1868 740 1936 guilicari
782 1869 970 1936 pellem
1002 1866 1373 1920 imminentem
1404 1864 1606 1928 oculis,
1631 1874 1686 1920 et
1711 1879 1808 1920 eos
1841 1878 2076 1935 superne

495 1968 888 2028 protr-gentem,
941 1974 1060 2026 qua
1098 1959 1148 2011 iu
1192 1956 1439 2012 leonibus
1497 1955 1671 2010 laxior
1719 1963 1823 2021 est,
1875 1965 1928 2012 et
1979 1956 2076 2011 de-

495 2051 632 2105 mitti
663 2052 802 2106 solet
853 2066 974 2104 cmn
1020 2051 1098 2102 ira
1156 2049 1428 2112 feruntur,
1472 2049 1811 2118 providentia
1841 2047 2073 2118 quadam

494 2152 703 2197 natura:
739 2143 789 2196 id
816 2142 1044 2211 agentis,
1083 2155 1150 2195 ne
1173 2150 1470 2210 conspectu
1501 2141 1731 2194 telorum
1769 2155 2074 2209 generosus

492 2235 726 2304 impetus
750 2235 866 2300 ejus
897 2235 1081 2289 bestia
1114 2235 1441 2300 retardetur,
1495 2248 1616 2303 qua
1648 2232 1777 2288 inde
1808 2234 1984 2289 audax
2017 2245 2076 2291 et

494 2327 651 2382 fortis
676 2327 857 2389 irruit,
886 2330 1026 2395 quod
1061 2341 1201 2380 caca
1243 2326 1392 2380 rabie
1439 2341 1678 2395 praceps
1713 2325 1920 2394 fertur;
1959 2327 2076 2397 pel-

493 2418 634 2474 libus
657 2421 1072 2487 superciliorum
1105 2433 1170 2472 eo
1218 2432 1340 2473 sese
1377 2418 1602 2473 inferius
1644 2419 2072 2485 demittentibus,

493 2527 603 2580 quo
634 2512 712 2564 ira
762 2511 954 2580 majori
1009 2510 1321 2566 effervescit
1373 2511 1583 2566 irritata
1638 2512 1836 2566 bellua.
1893 2513 2073 2579 Quare

494 2603 625 2656 i-llnd
677 2618 740 2654 ex
802 2611 1012 2654 natura
1066 2600 1302 2670 peritia,
1365 2602 1432 2655 ad
1500 2599 1701 2656 furoris
1767 2605 2070 2672 emphasim

490 2691 955 2748 vehementissimi
1007 2694 1074 2746 ab
1133 2689 1369 2746 Homero
1421 2689 1489 2746 de
1541 2692 1696 2748 leone
1733 2695 1936 2748 dictum
1991 2708 2074 2751 est

490 2783 654 2837 Iliad.
691 2802 723 2855 ρ
751 2800 765 2836 :

495 2897 608 2950 Πᾶν
641 2896 696 2950 δέ
728 2898 774 2951 τ’
800 2897 1111 2952 ἐπισκύνιον
1142 2898 1295 2952 κάτω
1327 2899 1548 2954 ἕλκεται
1579 2899 1707 2953 ὄσσε
1753 2901 2054 2958 καλύπτον.

493 3014 635 3067 llinc
666 3015 953 3068 Casarissa
983 3025 1168 3070 nostra
1206 3014 1492 3083 imaginem
1541 3025 1781 3069 mutuata
1832 3027 1914 3071 est
1962 3017 2070 3070 cle-

485 3107 665 3177 gantis
702 3107 988 3176 allegoria,
1027 3105 1356 3161 transferens
1385 3106 1701 3160 ἐπισκύνιον
1748 3109 1813 3162 ad
1856 3110 2063 3177 signiti-

483 3199 716 3254 candum
752 3200 946 3271 capitis
985 3211 1196 3270 tegmen
1223 3201 1477 3254 usitatum
1516 3199 1912 3266 professorilms
1944 3202 2067 3257 vita

485 3295 823 3358 monastica,
857 3293 996 3362 quod
1041 3293 1154 3362 ipsa
1191 3292 1452 3346 ruculium
1482 3293 1606 3346 alibi
1641 3303 1822 3348 vocat.
1853 3294 1903 3345 Id
1938 3294 2073 3348 solet

478 3387 549 3437 ad
584 3383 854 3451 specimen
910 3385 1186 3436 modestia
1237 3383 1391 3451 longe
1447 3382 1584 3436 infra
1641 3385 1826 3439 oculos
1861 3385 2069 3439 demitti

481 3485 538 3530 et
569 3475 768 3527 vultum
802 3483 964 3543 atque
1019 3489 1080 3526 os
1115 3475 1464 3539 innmhrare;
1502 3475 1880 3544 tristitiamque
1922 3477 2064 3531 illatn

495 3565 858 3618 venerabilem
901 3573 954 3618 et
989 3563 1294 3635 religiosam
1341 3564 1596 3620 inducere
1622 3607 1639 3631 ,
1686 3582 1806 3634 qua
1860 3568 2020 3635 etiam
2049 3606 2064 3632 ,

484 3668 588 3707 non
622 3652 701 3708 ira
757 3653 871 3705 sola
897 3689 913 3714 ,
965 3654 1130 3706 verbo
1181 3651 1403 3718 σκύζειν
1437 3665 1490 3708 et
1541 3655 1892 3724 σκυδμαίνειν
1924 3657 2066 3714 unde

482 3752 566 3796 est
605 3743 957 3807 ἐπισκύνιον,
990 3743 1327 3813 designatur,
1385 3744 1428 3798 si
1495 3745 1650 3800 bouis
1695 3750 2062 3816 grammaticis

482 3825 756 3889 credimus
797 3852 809 3888 :
852 3835 942 3904 qui
993 3851 1100 3888 nou
1134 3837 1564 3906 improbabiliter
1597 3848 1884 3893 autumant
1939 3841 2064 3896 inde

478 3941 601 3982 esse
629 3928 1177 3997 tnetagraunuatimno
1215 3932 1448 3998 quodam
1499 3931 1560 3984 τὸ
1596 3932 1919 4003 σκυθρωπὸν
1967 3936 2061 3987 καὶ

486 4018 930 4090 σκυθρωπάζειν.
977 4020 1114 4074 Alibi
1150 4023 1312 4075 etiam
1364 4022 1517 4077 Anna
1564 4027 1748 4080 eadem
1804 4041 2058 4081 coronam

483 4110 813 4178 imperialem
850 4127 1083 4181 superne
1111 4111 1346 4165 clausam
1371 4124 1425 4167 et
1447 4130 1736 4170 concavam
1764 4157 1778 4182 ,
1818 4132 1880 4171 ac
1913 4119 2059 4174 vide-

479 4199 604 4252 ltcet
645 4201 870 4253 frontem
903 4203 1068 4270 ipsam
1098 4217 1266 4268 usque
1317 4203 1384 4257 ad
1433 4206 1718 4272 supercilia
1759 4216 2049 4276 tcgentetn,

487 4291 844 4345 translatione
875 4308 978 4346 non
1037 4295 1216 4348 minus
1258 4307 1401 4365 apta,
1466 4297 1780 4353 ἐπισκύνιον
1826 4301 2058 4370 appellat

480 4382 571 4436 lib.
611 4399 685 4436 ix.

565 4474 923 4540 ‘Emaxomj.
977 4476 1093 4531 Lib.
1136 4495 1244 4532 xw.
1298 4477 1523 4535 Videtur
1568 4486 1921 4550 esseulomus
1963 4499 2056 4543 aut

480 4565 732 4631 palatium
765 4569 1066 4638 cpismpale
1106 4570 1496 4641 Tripolitanum
1545 4576 1595 4628 lu
1645 4591 1749 4644 quo
1807 4579 1952 4633 velut
1992 4582 2044 4635 in

414 4681 421 4688 ~
477 4655 595 4708 loco
622 4671 800 4724 sacro,
833 4659 1072 4728 deposita
1112 4659 1453 4730 imperatoris
1486 4667 1708 4734 pecunia
1741 4677 1819 4721 est
1851 4685 1878 4720 a
1905 4669 2046 4740 lega-

479 4749 550 4803 tis
579 4749 714 4816 ejus.
771 4801 776 4806 .

1225 4887 1286 4940 Ζ.

541 5023 875 5086 Ζατρίκιον.
897 5021 1112 5092 Accipio
1132 5025 1272 5079 ultro
1296 5033 1348 5079 et
1371 5029 1663 5098 comprobo
1677 5030 2045 5102 conjecturam

470 5111 687 5166 Meursii
725 5113 1005 5185 ζατρίκιον
1035 5119 1220 5171 ludum
1249 5134 1368 5172 esse
1405 5120 1856 5188 latrunculorum,
1883 5128 2041 5198 vulgo

467 5209 845 5272 schacmt'um,
890 5209 1182 5276 opinantis.
1234 5209 1378 5265 Satis
1429 5213 1480 5266 id
1534 5216 1764 5269 suadent
1807 5233 1927 5286 qua
1976 5235 2041 5276 ex

465 5297 724 5350 Ai-tnnete
754 5308 807 5351 et
847 5316 1115 5370 anonymo
1167 5304 1232 5354 de
1289 5315 1404 5358 arte
1460 5305 1672 5360 Persica
1736 5313 2040 5367 testimonia

467 5387 679 5440 reeitat.
725 5386 834 5442 Nec
869 5389 1074 5444 abludit
1126 5394 1278 5445 Anna
1312 5412 1325 5446 :
1360 5394 1511 5460 cujus
1562 5399 1800 5452 narratio
1834 5401 2040 5470 exigit,

470 5490 523 5530 nt
559 5478 644 5532 hic
685 5479 838 5534 ludus
864 5481 1125 5549 ejusmodi
1156 5483 1320 5538 fuerit
1349 5487 1438 5553 qui
1464 5503 1490 5537 a
1521 5487 1854 5556 sedentibus,
1877 5502 2036 5561 atque

462 5572 598 5624 adeo
636 5573 1091 5637 recumbentibus,
1135 5584 1315 5643 posset
1343 5578 1585 5633 exerceri
1631 5596 1646 5633 :
1698 5584 2041 5652 quandoqui-

466 5663 583 5713 dem
618 5674 822 5729 patrem
862 5679 1016 5716 suum
1049 5666 1144 5726 ait.
1173 5669 1387 5720 tadium
1422 5670 1593 5724 noctis
1638 5672 1900 5729 insomnis
1949 5691 2039 5731 ac-

460 5752 585 5806 citis
615 5753 986 5817 collusoribus,
1022 5755 1090 5808 ita
1125 5766 1180 5808 ut
1209 5766 1348 5823 erat,
1379 5759 1796 5816 decumbentem
1841 5766 2038 5834 adhuc,

464 5855 589 5898 Ante
621 5844 816 5912 lucem,
851 5847 955 5901 isto
985 5847 1321 5903 remissionis
1350 5865 1548 5918 genere
1586 5851 1862 5922 fefellisse,
1896 5859 2036 5926 quod

1596 437 1598 439 .
1667 367 2162 432 GLOSSARIUM
2201 367 2355 431 ANN
2370 368 2574 432 IEUM.

3622 368 3743 439 im

2186 482 2345 534 nemo
2382 496 2488 535 non
2522 481 2662 536 videt
2697 489 2823 552 apte
2861 480 3128 552 quadrare
3164 480 3218 536 in
3265 481 3616 538 schaccorum
3666 487 3738 541 lu.

2178 571 2328 627 dum.
2355 573 2530 627 Unum
2571 575 2758 641 miror,
2792 575 3046 643 excipere
3073 574 3386 638 Meursium,
3423 577 3598 632 minus
3644 579 3738 635 sibi

2177 678 2338 732 quam
2372 665 2532 719 vellet
2588 665 2639 719 in
2681 666 2781 720 hoc
2831 665 3014 721 favere
3064 664 3338 720 Theocriti
3392 667 3738 738 scholiasten,

2173 757 2328 826 quasi
2362 757 2406 812 is
2440 757 2618 827 potius
2647 758 2929 828 ζατρικίου
2959 774 3153 814 nomen
3182 759 3248 813 ad
3288 758 3612 814 calculorum
3659 761 3734 816 lu-

2176 847 2301 900 dum
2339 847 2558 904 referat.
2593 848 2669 901 En
2701 849 3008 904 scholiastis
3037 851 3197 921 hujus
3231 851 3407 906 locum
3457 851 3735 922 integrum,

2175 953 2332 1007 quem
2365 940 2560 1008 oppido
2594 940 2838 995 mutilum
2876 941 3145 998 Meursius
3193 943 3504 1013 descripsit.
3544 944 3633 1001 Sic
3662 947 3739 1004 ille

2176 1041 2399 1086 annotat
2429 1032 2659 1091 adlillum
2695 1049 2907 1088 versum
2937 1034 3104 1105 illyllii
3134 1051 3167 1089 v
3207 1053 3220 1089 :

2316 1189 2431 1244 Καὶ
2463 1190 2553 1244 τὸν
2579 1190 2688 1244 ἀπὸ
2711 1195 2982 1264 γραμμᾶς
3015 1197 3159 1249 κινεῖ
3190 1197 3357 1252 λίθον.

2174 1321 2206 1390 ἡ
2229 1320 2284 1374 δὲ
2313 1320 2460 1389 λέξις
2484 1328 2869 1400 μεταφορικῶς
2895 1331 3002 1383 ἀπὸ
3029 1331 3139 1384 τῶν
3170 1331 3478 1396 παιζόντων
3504 1334 3565 1386 τὸ
3584 1353 3741 1391 κοινο-

2174 1414 2378 1478 λέκτως
2403 1416 2700 1486 λεγόμενον
2717 1421 3015 1490 ζατρίκιον.
3046 1424 3277 1478 Ἐκεῖνοι
3305 1425 3415 1496 γὰρ
3432 1427 3562 1481 ὅταν
3588 1429 3739 1484 πολλὰ

2178 1511 2505 1581 ποιήσαντες
2535 1513 2595 1566 οὐ
2641 1513 2896 1569 δύνανται
2942 1518 3148 1587 ἑτέρως
3183 1518 3405 1587 νικῆσαι
3448 1521 3540 1572 τὸν
3570 1521 3740 1591 ὅμοιον

2173 1605 2467 1676 παίκτορα,
2506 1606 2715 1660 κινοῦσι
2744 1610 2838 1660 καὶ
2881 1610 2972 1662 τὸν
3021 1611 3130 1663 ἀπὸ
3155 1613 3427 1682 γραμμῆς
3456 1613 3626 1677 λίθον,
3662 1617 3741 1670 τὸν

2171 1694 2314 1749 οὕτω
2335 1695 2560 1768 βασιλέα
2583 1698 2940 1768 καλούμενον.
2972 1701 3098 1755 liae
3129 1703 3221 1756 ibi.
3257 1701 3387 1768 Qua
3417 1702 3610 1756 Latine
3637 1707 3741 1759 red-

2170 1788 2292 1842 dam
2316 1789 2658 1858 equidem,ut
2681 1793 2843 1846 etiam
2869 1792 2957 1861 qui
2990 1793 3356 1848 artisludendi
3375 1809 3535 1864 quam
3558 1795 3742 1852 (Ξῖ-ξω

2171 1880 2365 1952 lingua
2381 1882 2738 1938 consultiores
2769 1893 2914 1948 sunt,
2946 1899 3057 1940 sua
3089 1886 3557 1940 schaccomachia
3590 1889 3742 1941 artiti-

2173 1973 2313 2028 cium
2341 1974 2392 2030 in
2421 1975 2645 2031 zatrieio
2679 1986 2977 2046 agnoscant
3013 1995 3026 2030 :
3070 1974 3203 2031 Cum
3233 1978 3364 2031 dicit
3389 1986 3545 2046 poeta
3582 1994 3603 2033 :
3632 1978 3691 2034 Et
3715 1995 3742 2035 ι

2173 2063 2314 2119 linea
2364 2065 2596 2134 lapidem
2633 2079 2834 2134 movet,
2862 2067 3139 2123 dictionem
3173 2070 3429 2139 transfert
3470 2088 3503 2124 a
3539 2087 3745 2127 consu-

2170 2158 2351 2212 tudine
2380 2158 2670 2214 ludentium
2699 2177 2817 2214 eum
2867 2162 3051 2215 ludunt
3083 2179 3234 2228 quem
3272 2170 3426 2236 vulgo
3473 2169 3742 2222 zatririunt

2170 2250 2375 2304 dicunt.
2414 2250 2509 2304 Illi
2531 2253 2668 2305 enim
2694 2263 2968 2323 postquam
3003 2257 3244 2310 omnibus
3275 2259 3491 2312 tenlalt's
3525 2258 3667 2312 haud
3693 2277 3742 2316 se

2170 2341 2328 2394 aliter
2358 2353 2622 2409 reportare
2648 2345 2923 2398 victoriam
2944 2346 3008 2400 de
3032 2347 3290 2402 collusore
3321 2364 3474 2418 posse
3499 2353 3742 2422 sentiunt,

2170 2442 2376 2486 movent
2406 2435 2474 2485 ad
2503 2445 2790 2489 extremum
2814 2454 2846 2490 α
2889 2439 3060 2506 prima
3086 2439 3225 2493 linea
3254 2442 3494 2508 lapillum
3515 2483 3530 2507 ,
3576 2458 3745 2514 nempe

2169 2524 2320 2578 illum
2349 2528 2440 2595 qui
2473 2543 2567 2581 rex
2599 2528 2921 2597 appellatur.
2957 2529 3048 2586 Sic
3079 2531 3184 2587 ille.
3209 2533 3340 2599 Qua
3371 2535 3534 2589 verba
3569 2538 3747 2592 Schae-

2169 2617 2464 2672 cmechnia
2529 2619 2686 2689 periti
2753 2635 2872 2676 sese
2932 2637 3228 2690 agnoscere
3310 2627 3742 2695 responderunt,

2169 2711 2622 2782 submoturosque
2653 2711 2815 2768 facile
2851 2715 3172 2772 calcularios
3203 2759 3216 2782 ,
3249 2718 3294 2772 si
3333 2718 3617 2775 vindicare
3663 2721 3745 2777 illa

2173 2810 2400 2866 tentent,
2445 2817 2548 2856 una
2591 2806 2912 2873 exceptione
2945 2825 2958 2861 :
2991 2806 3158 2863 fuisse
3187 2809 3312 2862 olim
3340 2826 3608 2880 scrupeos
3644 2825 3693 2867 et
3716 2828 3745 2867 e

2168 2889 2362 2955 lapillis
2420 2894 2700 2957 sehaccos,
2746 2909 2871 2948 eum
2925 2894 3084 2950 hodie
3139 2897 3475 2966 frequentius
3527 2902 3747 2959 eburnei

2173 2989 2456 3036 tornentur
2493 2994 2586 3038 aut
2629 2985 2809 3040 busei.
2857 2985 2962 3042 Sed
3019 2989 3131 3042 haec
3181 2991 3271 3044 isti
3325 2992 3585 3049 viderint.
3617 2995 3742 3050 Illud

2171 3085 2368 3128 nostra
2400 3079 2786 3146 πραγματείας
2815 3091 2896 3134 est
2925 3081 3228 3151 disquirere
3254 3085 3411 3153 cujus
3433 3088 3508 3141 sit
3527 3088 3747 3159 originis

2170 3183 2269 3222 vox
2306 3168 2606 3242 ζατρίκιον,
2636 3172 2838 3229 Graca
2878 3191 2945 3229 an
2988 3177 3249 3232 barbara.
3303 3179 3443 3234 Sunt
3489 3182 3584 3251 qui
3641 3199 3748 3236 ma-

2154 3275 2404 3333 _gn0pere
2430 3267 2758 3322 contendant
2788 3269 3008 3323 verbum
3036 3285 3156 3325 esse
3196 3271 3515 3339 Persicum;
3547 3276 3746 3332 etenim

2169 3355 2434 3425 hodieque
2463 3358 2888 3415 latrunculorum
2923 3361 3104 3417 lttdum
3157 3365 3337 3421 Persis
3380 3378 3641 3440 :ralrang,
3665 3369 3745 3424 vel

2164 3458 2385 3520 :ratreng
2410 3453 2687 3521 appellari.
2722 3453 2998 3510 l’liniauus
3023 3467 3210 3510 contra
3243 3462 3598 3528 cxercitator,
3625 3477 3742 3532 pag.

2168 3542 2341 3608 “50,
2402 3542 2688 3614 ζατρίκιον
2745 3546 3034 3602 dictionem
3095 3564 3216 3606 esse
3271 3553 3555 3608 contendit
3604 3569 3746 3610 mere

2165 3634 2430 3701 Graecam,
2468 3647 2522 3691 et
2557 3637 2608 3692 in
2642 3637 2917 3694 Persidem
2956 3641 3250 3709 profectam
3288 3660 3318 3699 e
3348 3643 3583 3703 Gracia.
3616 3648 3743 3713 Quis

2164 3731 2336 3797 enim,
2373 3731 2589 3801 inquit,
2629 3735 2788 3787 nescit
2833 3735 2991 3804 hujus
3014 3736 3128 3790 ludi
3156 3738 3503 3794 inventionem
3548 3739 3743 3798 Gratis

2160 3823 2424 3878 deberila
2452 3824 2653 3880 Gracia
2685 3828 2847 3896 igitur
2880 3828 2952 3882 ad
2997 3829 3191 3885 Persas
3236 3848 3316 3886 res
3358 3835 3478 3902 ipsa
3499 3851 3619 3888 cum
3656 3852 3745 3890 no-

2161 3915 2300 3968 mine
2327 3917 2560 3970 transiit.
2626 3916 2753 3973 llac
2805 3919 2947 3974 ille:
2994 3922 3045 3974 in
3108 3920 3310 3992 quibus
3359 3926 3744 3996 astipulanten

2161 4022 2496 4077 nequaquam
2528 4009 2690 4066 habet
2722 4012 2938 4067 Annam
2969 4023 3234 4078 nostram.
3272 4028 3431 4086 prout
3463 4021 3649 4076 videre
3678 4024 3744 4076 li-

2159 4108 2265 4161 cet,
2295 4114 2416 4168 pag.
2453 4098 2577 4164 560,
2623 4102 2714 4156 ubi
2746 4105 3016 4160 mentione
3071 4106 3361 4176 ζατρικίου
3416 4111 3596 4179 facta,
3632 4113 3743 4169 hac

2161 4203 2282 4240 mox
2317 4188 2598 4261 subjuugit
2629 4209 2642 4244 :
2681 4193 2877 4246 Παιδιὰ
2915 4195 2972 4247 δὲ
3021 4196 3180 4249 τοῦτο
3213 4200 3277 4251 ὲκ
3306 4200 3407 4271 τῆς
3461 4203 3572 4255 τῶν
3620 4205 3737 4258 Ἀσ-

2160 4279 2363 4350 συρίων
2393 4281 2606 4352 τρυφῆς
2657 4283 3062 4353 ἐξευρημένων,
3108 4289 3203 4340 καὶ
3232 4292 3311 4351 εἰς
3346 4293 3500 4362 ἡμᾶς
3529 4296 3740 4348 ἐκεῖθεν

2156 4370 2432 4440 ἐληλυθός.
2488 4370 2692 4428 Tamen
2739 4386 3057 4431 constanter
3114 4380 3285 4435 Graci
3347 4387 3736 4452 grammatici,

2153 4478 2381 4533 quorum
2415 4466 2554 4520 ratio
2582 4483 2689 4522 non
2722 4468 2992 4525 immerito
3035 4472 3271 4528 habendi
3318 4479 3573 4532 videatur
3595 4521 3609 4543 ,
3638 4478 3737 4550 ζηο

2151 4558 2332 4624 τρεῖον
2358 4597 2373 4623 ,
2440 4558 2555 4613 sive
2589 4559 2837 4630 ζατρείον
2866 4603 2880 4627 ,
2916 4580 2942 4614 a
2974 4580 3081 4632 quo
3123 4565 3408 4638 ζατρίκιον
3458 4581 3736 4626 extensum

2151 4659 2236 4702 est
2273 4648 2669 4722 ύποκοριστικῇ
2709 4653 3014 4719 ἐπενοέσει,
3050 4655 3250 4711 Graeca
3279 4660 3475 4730 origini
3502 4665 3738 4717 voeabu-

2150 4741 2261 4795 lum
2298 4743 2590 4797 vindicant.
2657 4749 2824 4800 Sonat
2873 4758 3052 4800 autem
3105 4749 3356 4822 ζατρεῖον
3403 4756 3734 4822 pistrinum,

2153 4834 2507 4903 ergastulum,
2545 4851 2824 4890 servorum
2879 4855 3178 4905 carcerem,
3233 4854 3330 4896 alii.
3381 4855 3734 4901 tormentum.

2149 4928 2352 4981 Auctor
2384 4927 2738 4998 Etymologici
2770 4929 3023 5001 ζητρεῖον
3071 4935 3131 4986 τὸ
3189 4936 3298 4987 τῶν
3352 4938 3560 4991 δούλων
3616 4941 3738 4992 δεσ-

2153 5019 2466 5090 μωτήριον,
2516 5023 2686 5091 ἤγουν
2724 5021 2816 5075 τὸν
2861 5025 3081 5093 μύλωνα
3109 5065 3124 5090 ,
3163 5029 3304 5097 quod
3343 5046 3466 5083 mox
3501 5034 3734 5086 edit-tum

2149 5112 2298 5166 addit
2327 5112 2482 5183 quasi
2507 5114 2777 5182 δήτρειον,
2813 5117 2922 5168 ἀπε)
2950 5117 3045 5170 τοῦ
3075 5119 3179 5171 δέω
3212 5121 3353 5187 quod
3381 5133 3465 5174 est
3508 5124 3636 5192 ligo,
3683 5134 3737 5177 rt

2149 5202 2295 5272 τρέω
2339 5204 2433 5256 τοῦ
2483 5206 2780 5276 φοϐοῦμαι.
2814 5207 2944 5262 Νθιιι
2977 5225 3150 5278 pana:
3198 5222 3359 5280 caput
3396 5216 3454 5265 ἐν
3493 5216 3737 5286 ζατρείῳ

2148 5297 2488 5351 vinculorum
2522 5300 2924 5355 ineonnnodum
2958 5312 3095 5369 crat,
3145 5305 3345 5372 quibus
3392 5309 3460 5359 ad
3506 5311 3729 5376 cippum

2148 5389 2508 5457 alligahautur
2539 5391 2799 5456 infelices,
2831 5405 2885 5447 et
2926 5410 3019 5463 per
3047 5396 3236 5463 longas
3275 5398 3384 5452 illic
3435 5416 3617 5456 moras
3650 5411 3733 5454 ta-

2147 5482 2368 5537 bescere
2396 5485 2730 5568 sigebautur.
2758 5484 2910 5540 Unde
2933 5489 3094 5541 etiam
3131 5490 3243 5558 ipse
3277 5491 3366 5543 ille
3391 5495 3584 5560 cippus
3602 5509 3731 5563 pro-

2145 5578 2261 5645 prie
2292 5575 2541 5646 ζητρεῖον
2559 5578 2754 5642 dictus,
2772 5577 2816 5632 si
2839 5578 3142 5648 Moscopulo
3157 5585 3450 5649 credimus,
3473 5584 3732 5657 ζητρείον

2149 5670 2341 5731 κοινῶς
2369 5671 2396 5721 ὁ
2421 5668 2681 5733 κοῦσπος.
2731 5669 2889 5723 Ἐστι
2921 5672 2978 5724 δὲ
3022 5669 3163 5736 εἶδος
3209 5675 3574 5747 κολαστηρίου
3675 5682 3729 5733 οἱ

2141 5761 2315 5816 δοῦλοι
2345 5761 2692 5829 ἐδεσμοῦντο.
2735 5764 2841 5816 Aut
2893 5764 3054 5830 idem,
3089 5777 3179 5819 attt
3225 5768 3419 5824 similis
3476 5787 3564 5825 res
3621 5771 3730 5825 fuit

2137 5855 2230 5908 ille
2263 5856 2456 5919 codex,
2495 5857 2562 5908 de
2607 5869 2717 5924 quo
2764 5857 3114 5926 Propertius,
3161 5860 3256 5914 lib.
3301 5878 3392 5926 tv,
3440 5865 3580 5933 eleg.
3615 5879 3729 5933 vn,
