3960 6594
249 381 381 445 l225

244 494 337 545 illo
375 505 534 545 versu
570 508 581 543 :
615 488 825 542 (lacticis
857 487 1112 540 immundi
1140 484 1348 539 t'incnla
1386 485 1540 536 sculi!
1580 498 1733 544 anus,
1763 489 1817 535 et

234 574 532 646 Juvenalis,
577 581 696 635 Sat.
736 596 794 643 ιι,
831 582 954 632 dum
984 580 1060 632 ait
1091 595 1105 632 :
1145 578 1390 631 liesidens
1414 578 1466 628 in
1493 576 1668 628 codice
1707 573 1817 641 pel-

236 679 338 730 lex.
374 675 575 727 Verum
609 673 806 726 Suidas
831 671 1140 725 distinctius
1161 670 1393 733 explicat
1425 683 1592 738 genus
1621 667 1811 720 hormn

239 767 600 828 vinculorum,
636 764 762 817 dum
807 762 981 815 innuit
1010 759 1196 827 Stringi
1254 759 1442 813 solitus
1497 760 1811 812 miserorum

240 860 401 922 pedes
441 859 642 925 paratis
677 857 814 910 intra
854 856 993 923 cippi
1031 854 1333 907 crassitiem
1376 851 1618 919 angustis
1665 851 1814 903 locu-

240 951 303 1002 lis
334 967 346 1000 :
387 949 705 1016 Ποδοκὰιτη,
740 947 935 1015 inquit,
969 944 1142 996 ποδῶν
1176 945 1420 1004 κάκωσις
1449 943 1476 994 ὁ
1520 941 1811 1009 λεγόμενος

236 1041 498 1100 traici-7:0;
536 1039 641 1092 Nec
667 1038 872 1091 abludit
905 1035 1346 1089 Latino-Graecus
1363 1034 1646 1101 glossator,
1671 1033 1810 1100 apud

235 1147 396 1199 quem
430 1131 499 1181 ita
530 1130 759 1196 legitur:
795 1129 1018 1193 Cuspns,
1065 1124 1272 1190 ξύλινον
1320 1122 1622 1175 σανδάλιον.
1669 1122 1808 1173 Idem

236 1232 492 1281 astruuut
526 1221 731 1275 Glossm
764 1219 1113 1273 Basilicorum
1145 1220 1267 1270 dum
1303 1214 1683 1283 κουσπάτορας
1710 1231 1810 1282 quo

231 1319 501 1379 λακιςτὰς
561 1329 680 1368 esse
734 1315 948 1367 docent.
1011 1310 1302 1374 Κούσπους
1357 1310 1464 1379 γὰρ
1532 1307 1808 1378 (addunt)

233 1409 535 1478 ξυλοπὸδας
562 1404 808 1460 καλοῦσι.
853 1401 1116 1456 Ιὶεΐογιιιιι
1141 1403 1327 1465 etiam,
1360 1401 1660 1453 Salmasius
1690 1398 1808 1451 loco

230 1521 342 1573 iam
384 1504 622 1563 laudato,
658 1508 711 1552 et
733 1496 964 1550 Carolus
1000 1490 1226 1547 Annibal
1266 1491 1534 1546 Fabrotus
1571 1495 1624 1544 in
1652 1491 1809 1545 Glos-

232 1595 380 1648 sario
428 1590 656 1648 Cedreni
683 1629 697 1652 ,
733 1589 907 1642 locum
948 1589 1050 1640 huc
1100 1585 1455 1654 pertinentem
1495 1597 1558 1636 ex
1613 1581 1810 1634 Lexico

234 1684 438 1738 inedito
474 1681 810 1734 bibliothecae
844 1677 1023 1744 Regia:
1052 1674 1344 1743 Ζατρίκιον
1379 1675 1405 1724 ὁ
1455 1671 1690 1728 κοῦσπος
1749 1669 1810 1720 τὸ

229 1776 342 1827 τῶν
367 1773 573 1826 δούλων
605 1773 994 1839 κολαστήριον,
1033 1769 1120 1822 ubi
1146 1768 1286 1834 jacet
1313 1768 1397 1820 illa
1436 1765 1552 1835 ipsa
1599 1781 1699 1818 vox
1727 1764 1808 1814 iu-

233 1877 387 1933 tegra
418 1865 570 1930 cujus
602 1864 866 1931 originem
900 1861 1278 1928 disquirimus;
1317 1873 1475 1926 quam
1523 1857 1646 1909 inde
1675 1853 1812 1907 veri-

233 1956 417 2010 simile
445 1956 501 2008 lit
534 1954 657 2007 ludo
688 1952 1115 2006 latrunculornm
1145 1966 1247 2002 non
1307 1950 1404 2001 nisi
1449 1944 1811 2013 metaphorice

229 2058 493 2113 aptatam,
527 2061 645 2099 cum
670 2044 940 2112 proprium
977 2053 1134 2094 antea
1178 2055 1330 2091 usum
1378 2038 1599 2092 haberet
1643 2035 1694 2088 in
1733 2033 1811 2088 si-

228 2137 538 2206 guiﬁcattdo
560 2135 752 2205 pmuaIi
781 2149 1056 2187 servorum
1084 2131 1291 2186 codice.
1347 2130 1476 2195 Quis
1513 2138 1691 2181 autem
1723 2127 1807 2180 di-

229 2231 382 2283 vinet
404 2231 542 2282 unde
567 2229 667 2280 hoc
699 2227 778 2280 sic
807 2225 1112 2286 invaluerit,
1133 2231 1187 2275 ut
1220 2221 1462 2290 supplicii
1487 2219 1808 2274 vocabulum

228 2320 297 2374 ad
336 2319 707 2373 remissionem
743 2315 1178 2370 transferretur?
1213 2328 1375 2381 quam
1418 2312 1585 2365 multa
1620 2309 1812 2364 simili-

230 2421 317 2464 ter
351 2412 606 2463 ἱιιειιιιιιιι
635 2408 912 2463 cernimus
941 2421 1169 2472 quorum
1204 2404 1362 2456 aliam
1397 2418 1555 2456 nemo
1588 2415 1808 2455 causam

227 2510 398 2570 queat
433 2500 655 2554 reddere
707 2500 808 2552 nisi
865 2497 1144 2550 arbitrium
1194 2496 1317 2550 talia
1369 2496 1600 2563 primum
1661 2493 1807 2545 ince-

229 2593 502 2660 ptantium
534 2591 556 2642 ?
585 2590 895 2660 Cogitabam
924 2590 1231 2658 aliquando,
1260 2603 1324 2640 an
1369 2602 1474 2640 non
1509 2627 1524 2652 ,
1559 2587 1809 2655 quoniam

225 2684 325 2752 qui
364 2683 530 2736 \incti
579 2663 944 2735 attinebantur
988 2682 1042 2734 in
1083 2679 1368 2748 ergastulis
1404 2694 1466 2732 ac
1513 2678 1810 2741 custodiis,

230 2776 377 2830 medii
415 2790 576 2829 causa
624 2774 838 2827 fallendi
863 2774 1004 2826 soliti
1034 2780 1215 2826 essent
1240 2770 1513 2839 indulgere
1533 2768 1811 2823 forteludo

228 2867 321 2918 isti
352 2904 369 2928 ,
403 2880 510 2934 quo
537 2905 552 2929 ,
588 2880 748 2934 quam
778 2865 942 2919 solam
979 2865 1247 2916 habebant
1299 2863 1560 2930 reliquam
1619 2861 1813 2914 vinctis

229 2959 461 3025 pedibus
508 2973 758 3010 manuum
811 2956 1192 3024 promovendis
1226 2954 1447 3008 calculis
1498 2952 1804 3006 libertatem

228 3059 581 3114 usurparent,
611 3050 733 3102 inde
767 3048 918 3100 ﬁeret
951 3059 1006 3100 ιιι
1038 3061 1231 3100 nomen
1265 3045 1365 3100 loci
1403 3045 1488 3100 ubi
1551 3044 1812 3104 ludusla-

240 3140 620 3192 trunculorum
652 3138 1110 3207 frequentaretur,
1146 3137 1268 3191 ludo
1322 3136 1417 3206 ipsi
1481 3136 1811 3188 adhmrescc-

230 3241 364 3285 ret:
408 3232 703 3300 prtesertim
758 3245 877 3284 cum
936 3228 1092 3282 facile
1142 3229 1373 3296 potuerit
1421 3227 1610 3296 cippus
1672 3231 1807 3280 intra

228 3337 396 3389 quem
433 3320 642 3374 inferne
678 3334 832 3372 crura
891 3319 1231 3388 fugitivorum
1295 3328 1386 3370 aut
1446 3319 1549 3371 alio
1597 3318 1812 3371 nomine

229 3411 709 3478 ['(cnaslucmium
739 3424 1016 3464 servorum
1065 3409 1355 3462 constricta
1399 3409 1808 3475 premebantur,

233 3502 506 3570 superiori
530 3502 610 3555 sui
645 3511 793 3568 parte
837 3509 1144 3568 cochuatus
1177 3509 1321 3553 esset
1370 3499 1421 3552 in
1471 3499 1808 3566 supetliciem

231 3593 643 3646 rommittendis
709 3591 1026 3646 latrunculis
1075 3591 1409 3659 plagularum
1447 3590 1811 3656 descriptione

228 3697 426 3751 parata
453 3704 483 3736 ιι
525 3705 538 3740 :
583 3685 726 3740 unde
770 3682 930 3738 simul
965 3681 1244 3754 ζατρίκιον
1283 3694 1426 3738 esset
1457 3692 1510 3736 et
1546 3682 1808 3744 κοῦσπος.

228 3774 350 3828 Nisi
389 3777 526 3829 lorte
547 3775 636 3829 alii
659 3773 1002 3828 verisimilius
1027 3782 1308 3826 autumant
1331 3774 1494 3843 pedes
1512 3773 1808 3842 impedien-

231 3868 308 3922 tis
331 3869 469 3937 cippi
514 3867 829 3922 vocabulum
879 3867 1002 3920 ludo
1053 3866 1476 3928 latrunculorum
1511 3881 1608 3934 per
1638 3875 1808 3918 trans-

228 3961 486 4014 latione'm
513 3961 996 4024 accommodatum,
1051 3959 1190 4029 quod
1228 3973 1346 4027 qua:
1383 3959 1432 4010 iu
1471 3973 1536 4012 eo
1568 3959 1712 4012 velut
1757 3959 1808 4010 in

227 4065 396 4103 scena
422 4051 651 4117 quadam
684 4050 836 4120 quasi
882 4065 1126 4120 persona:
1191 4059 1645 4118 repraesentantur
1678 4064 1767 4104 rex
1794 4092 1807 4114 ,

228 4146 447 4212 regina,
474 4146 705 4214 equites,
729 4156 860 4208 ctc.,
891 4145 1125 4195 mandris
1154 4151 1202 4196 et
1231 4144 1390 4196 vitreo
1420 4141 1623 4195 latrone
1652 4142 1810 4196 clustv

226 4237 587 4302 exhibentur,
618 4248 674 4289 ιιι
707 4234 966 4288 Martialis
994 4234 1248 4304 loquitur,
1277 4235 1458 4302 Epigr.
1505 4249 1629 4287 uxr
1654 4274 1668 4298 ,
1716 4234 1806 4286 lib.

231 4344 336 4394 \‘ll,
365 4328 509 4381 hunc
540 4329 711 4395 ipsum
746 4329 971 4380 innitens
1006 4328 1209 4379 ludum.
1254 4326 1466 4380 Etenim
1530 4326 1582 4378 in
1639 4327 1806 4394 ptitttu

232 4420 541 4474 structione
565 4419 702 4472 aciei
729 4435 848 4486 quae
898 4419 1001 4472 ludi
1057 4418 1323 4487 principio
1368 4418 1424 4471 ﬁt
1453 4455 1467 4482 ,
1513 4433 1763 4486 proceres
1792 4457 1807 4480 ,

229 4522 494 4578 tanquam
537 4509 742 4578 alligati
778 4509 844 4561 ad
869 4509 1082 4577 cippum
1119 4507 1282 4571 servi,
1317 4507 1372 4561 in
1398 4517 1639 4561 extrema
1656 4507 1808 4560 1iuea

230 4614 535 4672 ponuntur,
569 4619 666 4655 suo
697 4603 919 4671 quilibet
951 4601 1141 4655 alIixus
1177 4601 1432 4655 discolori
1477 4601 1685 4670 quadro
1723 4619 1736 4656 :
1779 4619 1805 4653 a

227 4705 388 4763 tergo
442 4696 654 4763 quidem
701 4695 915 4748 clausus
960 4704 1203 4747 extremo
1254 4692 1471 4747 Zatricii
1526 4695 1808 4764 margine,

227 4786 393 4853 quasi
428 4801 578 4839 muro
607 4785 864 4850 carceris,
899 4802 925 4836 a
963 4784 1100 4839 facie
1155 4801 1284 4839 vero
1320 4785 1608 4853 impeditus
1652 4787 1808 4853 longo

231 4891 488 4948 oppanso
527 4894 680 4932 versu
710 4879 1134 4932 latrunculorum
1169 4883 1309 4931 velut
1355 4877 1638 4932 custodum
1669 4878 1808 4931 mili-

231 4985 379 5035 tum,
411 4972 569 5025 hodie
599 4972 794 5041 pedites
825 4980 1017 5024 vocant
1049 4987 1063 5023 :
1099 4972 1186 5038 qui
1233 4970 1311 5022 sic.
1359 4969 1618 5038 producta
1669 4968 1806 5022 linea

229 5065 666 5135 przelenilttnlur,
699 5071 756 5114 ut
783 5062 1044 5130 majorum
1099 5060 1423 5113 calculorum
1470 5074 1807 5113 commovere

227 5169 359 5207 sese
385 5162 549 5222 queat
595 5155 788 5216 nullus,
831 5153 1002 5220 quoad
1033 5153 1266 5221 peditum
1305 5152 1630 5204 obstantium
1682 5167 1809 5204 con-

231 5255 418 5300 textus
458 5246 685 5314 alicujus
717 5245 1058 5298 submotione
1092 5253 1492 5312 perrumpatur.
1555 5243 1810 5297 Mandras

233 5339 404 5404 igitur
439 5339 700 5404 hicpoeta
729 5347 884 5390 vocat
916 5336 1152 5405 plagulas
1183 5336 1378 5404 quibus
1408 5335 1658 5389 schacchi
1694 5352 1808 5387 mar

221 5428 382 5496 λιιι-τις
408 5428 636 5479 insident
665 5427 828 5480 allixi.
856 5428 1117 5480 Latrones
1171 5435 1347 5480 autem
1389 5427 1618 5484 minoris
1654 5429 1810 5483 molis

231 5518 490 5578 :caclios,
533 5519 686 5586 νιιιείι
714 5521 942 5583 piétans,
971 5520 1098 5571 dicit
1126 5536 1138 5570 :
1164 5535 1296 5586 quos
1329 5525 1527 5573 vitreos
1557 5520 1682 5573 dum
1711 5534 1802 5588 ap'

231 5609 424 5677 pellat,
448 5625 510 5660 ex
546 5623 607 5659 ca
637 5621 744 5661 tmn
777 5613 995 5663 materia
1023 5609 1354 5678 frequentius
1384 5610 1554 5665 factos
1614 5611 1804 5664 innuit.

229 5701 345 5757 Sed
377 5701 488 5752 haec
521 5701 788 5756 Curiosius
815 5703 1035 5770 exsequi
1069 5706 1152 5755 vix
1186 5713 1265 5756 est
1309 5706 1463 5758 tanti.

503 5889 777 5948 Ριιτιιοι..
807 5890 921 5949 Gn.
965 5890 1059 5950 CX
1075 5891 1236 5949 XXI.

1405 371 1904 433 GLOSSARIUM
1945 369 2309 432 ANNIEUM.

3345 367 3491 438 1226'

2658 479 2738 532 Η.

1988 563 2200 640 'uxac.
2229 568 2408 623 Multis
2441 569 2596 634 locis,
2634 584 2741 625 non
2797 570 3008 658 clav’us,
3066 573 3162 628 sed
3191 578 3376 643 cuspis
3425 593 3491 634 ac

1916 660 2119 715 ferrum
2167 661 2388 724 lancem,
2421 676 2542 730 quae
2571 661 2770 715 Christi
2807 661 3014 716 Domini
3048 663 3189 721 latus
3219 665 3377 722 fodit.

1995 751 2388 820 Ἠμιλοχῖται.
2422 752 2539 804 Lib.
2588 769 2640 815 ι,
2672 754 2770 805 sub
2802 752 2962 807 linem
2999 771 3014 808 :
3063 756 3227 809 Ἀλλὰ
3272 757 3333 810 τὸ
3389 757 3490 826 μὲ-

1917 857 2008 893 σον
2037 843 2180 911 ἔχειν
2229 843 2338 895 τῶν
2373 843 2730 914 ἡμιλοχιτῶν.
2791 844 2934 898 Nova
2993 856 3048 899 et
3100 847 3215 902 haec
3247 863 3368 902 vox.
3400 848 3490 901 νί.

1915 933 2112 984 dentur
2170 933 2484 1003 ήμιλοχῖται
2537 936 2689 1002 quasi
2745 933 2940 990 Triarii
2992 938 3156 993 fuisse
3195 956 3210 993 :
3247 942 3336 1009 qui
3386 955 3490 1010 pu-

1916 1026 2203 1093 gnantibus
2233 1027 2354 1080 aliis
2377 1028 2740 1094 subsidereut,
2805 1044 3082 1085 servantes
3109 1046 3166 1085 se
3195 1036 3260 1086 ad
3284 1035 3489 1087 incerta

1913 1114 2057 1181 belli,
2088 1127 2144 1170 nt
2166 1116 2321 1182 fusis,
2349 1120 2392 1172 si
2425 1120 2578 1186 forte,
2617 1121 2912 1191 fractisque
2939 1125 3072 1188 suis,
3107 1123 3302 1194 integri
3342 1140 3482 1194 prce-

1914 1207 2043 1262 lium
2068 1222 2300 1266 sumant.
2341 1211 2453 1264 Non
2515 1222 2638 1266 sunt
2690 1217 2806 1282 puri
2858 1215 3063 1285 λολῖται
3124 1217 3488 1274 insidiatores.

1915 1298 2018 1352 Sed
2044 1316 2228 1352 ein-um
2252 1301 2426 1356 simile
2459 1303 2657 1358 habent
2702 1305 2998 1375 quippiam,
3059 1308 3264 1366 idcirco
3296 1309 3490 1380 ἡμιλο-

1915 1405 2059 1456 χιτσ·

2677 1509 2750 1565 Κ.

1984 1621 2285 1687 [ι’(ιϐιιλλιὶδι
2309 1640 2401 1676 ιοί.
2440 1621 2559 1676 Lib.
2610 1641 2727 1689 xm,
2762 1627 2862 1680 sub
2899 1625 3056 1680 ﬁnem
3089 1645 3102 1681 :
3133 1630 3245 1700 Οὐχ
3301 1632 3487 1696 ἱππεῖς

1918 1711 2100 1777 μόνον,
2131 1713 2264 1765 ἀλλὰ
2294 1715 2386 1766 καὶ
2407 1715 2642 1781 ὁπλῖται,
2677 1727 2732 1771 ιιι
2764 1719 2910 1771 Anna
2948 1719 3062 1787 ipsa
3097 1719 3205 1774 illic
3235 1725 3488 1791 exponit:

1914 1799 2226 1867 signiﬁcans
2271 1805 2466 1857 milites
2527 1809 2730 1874 gravis‘
2761 1819 3050 1863 arinaturze
3113 1811 3492 1882 καὸαλ).αριων

1915 1893 2133 1947 nomine
2169 1897 2400 1961 censeri,
2437 1901 2646 1951 tametsi
2680 1900 2886 1968 pedites
2916 1901 3028 1956 sint
3061 1916 3076 1954 :
3108 1905 3250 1971 quod
3282 1917 3309 1956 a
3348 1905 3489 1972 glos-

1913 1987 2184 2040 satoribns
2208 1987 2690 2045 Gmco-Barbaris
2721 2007 2822 2044 non
2871 1994 3334 2061 animadversum,
3367 1995 3486 2050 ideo

1917 2084 2103 2130 notata
2130 2079 2345 2145 dignum
2382 2081 2552 2135 \‘i‘ieri
2590 2093 2787 2150 potest.

1985 2169 2254 2236 Κιὶοετος.
2313 2173 2429 2228 Lib.
2475 2191 2591 2240 xm,
2651 2177 2750 2230 sub
2805 2179 3034 2232 medium
3068 2197 3082 2236 :
3115 2180 3307 2246 Ὅπως
3362 2187 3489 2249 τοῖς

1916 2257 2017 2326 μὲν
2047 2260 2309 2324 καθέτους
2350 2265 2568 2328 τούτους
2605 2266 2801 2337 ἄνδρας
2833 2269 3090 2334 ἀϐλαϐεῖς
3113 2272 3489 2345 διατηρήσειε.

1915 2351 2158 2414 Κάθετος
2193 2355 2278 2408 hic
2317 2364 2400 2410 est
2436 2357 2710 2422 proiectus
2763 2361 2816 2411 in
2850 2360 3146 2426 periculum
3178 2375 3270 2419 aut
3310 2369 3480 2435 perni-

1917 2445 2054 2498 ciem
2116 2458 2340 2500 certam.
2396 2446 2628 2516 Elegans
2670 2449 2720 2502 id
2756 2450 2991 2517 quidem,
3026 2454 3118 2506 sed
3178 2472 3280 2510 non
3335 2461 3493 2530 vulgo

1916 2537 2224 2601 usitatum;
2283 2538 2510 2608 ideoque
2571 2541 2655 2595 hic
2711 2547 3026 2602 notandum.
3089 2549 3233 2614 Puto~
3278 2550 3489 2606 Annam

1919 2629 2169 2685 habuisse
2204 2630 2253 2682 in
2299 2635 2479 2684 animo
2539 2636 2710 2704 ἁμνόν
2762 2639 3010 2705 κάθετον,
3048 2642 3115 2696 de
3149 2660 3253 2713 quo
3286 2642 3494 2714 Harpo-

1915 2720 2122 2772 cration
2181 2722 2344 2776 verbo
2392 2723 2641 2786 κάθετος,
2673 2728 2814 2793 quod
2845 2731 3065 2794 exponit
3110 2732 3138 2784 ὁ
3187 2733 3493 2803 καθὲμεννς

1916 2812 1994 2872 εἰς
2026 2813 2084 2863 τὸ
2118 2813 2358 2881 πέλαγος
2391 2816 2560 2883 ἀμνός
2591 2832 2604 2847 ·
2655 2819 2743 2886 qui
2795 2819 3050 2875 nimirum
3095 2823 3493 2891 porriciebatur

1916 2902 1968 2955 in
2000 2905 2171 2956 medio
2205 2905 2396 2960 ﬂuctus
2432 2910 2724 2974 periturus.

1986 2993 2264 3062 It'd/uroc.
2323 2997 2490 3067 Vulgo
2547 2998 2760 3067 feritur.
2827 3001 2932 3056 Sed
2986 3002 3141 3059 Anna
3215 3021 3311 3075 pro
3357 3024 3492 3078 pyra

1917 3097 2144 3154 llitlt'pal
2177 3088 2264 3140 lib.
2299 3105 2388 3142 μ’.

1985 3178 2358 3232 [Canuleium
2399 3179 2514 3234 Lib.
2553 3197 2626 3247 Xl,
2660 3183 2759 3236 sub
2792 3183 2948 3238 ﬁnem
2985 3204 2998 3239 τ
3073 3189 3206 3242 Ἀπὸ
3253 3191 3351 3260 τῆς
3394 3192 3490 3246 τοῦ

1915 3268 2222 3320 κανικλεῐου
2293 3270 2450 3334 ἀξίας
2505 3271 2677 3340 μέγαν
2731 3273 3089 3348 δρουγγάριον
3141 3280 3234 3333 τοῦ
3303 3282 3490 3336 στόλου

1916 3363 2432 3433 προχειρισάμενος.
2495 3367 2624 3422 Vide
2677 3369 2973 3424 Meursium
3045 3382 3098 3425 et
3171 3373 3490 3442 glossarium

1911 3452 2165 3509 Cedreni.

1985 3574 2278 3629 Κάπαναι.
2358 3573 2490 3630 Nam
2561 3593 2657 3646 pro
2741 3580 3007 3644 καπάνοις
3083 3585 3487 3641 rescribendum

1914 3679 2043 3733 puto
2071 3669 2364 3728 καπαναῖς.
2403 3669 2494 3722 Est
2545 3681 2725 3722 autem
2784 3672 3007 3740 καπάνη
3037 3672 3345 3730 Thessalica
3371 3677 3489 3732 dia-

1913 3756 2053 3811 lecto
2103 3759 2241 3813 idem
2293 3761 2433 3828 quod
2494 3762 2714 3832 ἀπηνῆ,
2775 3764 3080 3818 vehiculum
3146 3776 3238 3821 aut
3296 3768 3484 3826 rheda.

1913 3851 2225 3906 Eustathius
2261 3853 2325 3906 ad
2365 3851 2529 3906 Iliad.
2558 3852 2622 3921 λ’,
2673 3871 2792 3924 pag.
2826 3855 2926 3910 799
2953 3860 3081 3914 edit.
3116 3858 3482 3927 Frobeniana,

1915 3946 2001 3997 ubi
2040 3946 2374 3999 enumerarit
2407 3951 2648 4015 quantam
2685 3949 2939 4003 voeabula
2972 3952 3168 4021 quibus
3189 3954 3479 4010 adventitia

1912 4033 2088 4086 littera
2159 4034 2452 4103 praeligitur
2509 4044 2564 4087 ut
2619 4037 2880 4107 χλιαρὸν,
2942 4041 3202 4108 πήγανον,
3262 4043 3480 4112 σμίλαξ.

1915 4124 2194 4195 σμύραινα
2225 4143 2239 4157 ο
2271 4142 2389 4194 quae
2422 4129 2554 4182 citra
2604 4130 2939 4197 epontlicsim
2989 4130 3239 4184 dicuntur
3272 4132 3482 4202 λιαρὸν,

1913 4219 2132 4288 ἡγανον,
2170 4220 2354 4288 μῖλαξ.
2401 4220 2657 4290 μύραινα.
2708 4221 2833 4275 huic.
2863 4224 3042 4291 generi
3084 4235 3331 4278 accenset
3361 4242 3487 4282 ,και

1912 4315 2090 4377 πὴνιπν
2157 4322 2436 4374 nostram,
2497 4311 2576 4365 sic
2641 4313 2820 4366 statim
2889 4315 3225 4385 subjungens
3257 4318 3367 4371 Καὶ
3426 4319 3488 4372 τὸ

1912 4401 2129 4471 καπάνη
2182 4402 2386 4472 ἀπήνη.
2438 4404 2465 4455 ὃ
2515 4404 2662 4455 ἐστιν
2715 4404 2923 4476 ἀπήνη.
2956 4406 3213 4461 Termini.
3253 4409 3362 4477 γὰρ
3410 4409 3485 4473 ὡς

1913 4489 1969 4540 ὲν
1996 4491 2107 4552 τοῖς
2132 4491 2227 4542 τοῦ
2283 4492 2565 4562 Ἀθηναίου
2615 4493 2863 4562 φέρεται,
2911 4496 3010 4556 τὰς
3039 4496 3256 4566 ἀπήνας
3297 4501 3483 4567 καπή-

1911 4598 2006 4643 νας
2058 4583 2267 4650 ἔλεγον,
2319 4583 2442 4636 ὅθεν
2494 4588 2588 4638 καὶ
2647 4587 2930 4639 καπανικὰ
2994 4588 3126 4656 παρ’
3181 4589 3364 4652 αὐτοῖς
3415 4590 3482 4642 τὰ
3551 4651 3555 4654 ι

1909 4672 2201 4741 ἁμαξιαῖα.
2257 4672 2345 4736 Ὠς
2399 4674 2572 4743 δηλοῖ,
2631 4675 2820 4746 φησιν,
2885 4677 3282 4746 Ἀριστοφάνης
3317 4681 3374 4731 ὲν
3403 4679 3484 4750 τῷ

1911 4760 2097 4813 Λυδῶν
2144 4763 2338 4815 δεῖπνα
2403 4763 2494 4815 καὶ
2555 4764 2860 4828 Τετταλῶν,
2923 4760 2999 4817 ὧν
3053 4767 3118 4816 τὰ
3178 4765 3484 4820 Τετταλικὰ

1911 4853 2045 4906 πολὺ
2103 4856 2552 4921 καπανικώτερα.
2613 4855 2737 4909 ΙΙιιιο
2789 4857 2875 4908 ille
2917 4872 3035 4922 qua:
3087 4857 3300 4911 abunde
3356 4850 3484 4914 Sunt

1908 4944 1974 4995 ad
2021 4946 2292 4998 notionem
2359 4948 2731 5000 declarandam
2781 4947 2880 5016 τῆς
2934 4948 3228 5018 κιπὰνηςο
3281 4964 3311 5002 a
3373 4965 3479 5020 qua
3524 4935 3526 4938 i

1913 5042 2090 5087 tamen
2155 5037 2363 5088 \idelur
2420 5039 2670 5089 recedere
2719 5035 2930 5099 Pollux,
2988 5039 3078 5090 lib.
3133 5053 3171 5103 ι,
3220 5053 3339 5107 cap.
3391 5040 3479 5103 10,

1912 5125 2000 5177 ubi
2039 5124 2500 5177 nomenclatorum
2536 5126 2804 5179 variarum
2841 5143 3033 5179 currus
3079 5131 3306 5196 partium
3357 5135 3480 5183 rel-

1911 5215 2042 5266 tlens
2087 5215 2288 5283 virgam
2343 5231 2536 5268 currus
2569 5215 2798 5270 mediam
2851 5219 3102 5288 καπάνην
3135 5220 3348 5288 proprie
3397 5227 3482 5276 di-

1911 5314 2050 5358 ctam
2077 5308 2305 5359 asserit:
2347 5305 2409 5358 'll
2437 5305 2492 5357 δὲ
2528 5306 2668 5374 μέση
2701 5309 2892 5377 pisae;
2924 5311 3168 5379 καπάνη.

1981 5420 2374 5472 Καστελλίον.
2412 5420 2571 5486 Quasi
2625 5421 2832 5475 dii-etes
2880 5421 3255 5491 Castellulum,
3305 5428 3482 5481 muni-

1910 5510 2200 5565 tiunculam
2237 5513 2484 5567 videlicet
2512 5513 2692 5582 exigui
2718 5515 2973 5578 ambitus,
3001 5517 3088 5572 lib.
3124 5533 3200 5571 ιι.

1979 5601 2347 5670 Κατάλυσις.
2396 5604 2515 5658 Lib.
2569 5623 2646 5669 γι,
2703 5617 2821 5674 post
2881 5610 3169 5664 taedium:
3222 5611 3375 5666 am
3411 5614 3480 5666 τὰ

1909 5697 2008 5766 τῆς
2041 5697 2292 5766 βοηθείας
2332 5698 2582 5751 ἐντεῦθεν
2620 5702 2762 5753 κατὰ
2789 5687 2882 5753 ’τὸν
2920 5701 3045 5754 »οὖν
3084 5703 3177 5755 τοῦ
3209 5703 3482 5776 αὐτοκράο

1908 5807 2065 5861 copo;
2123 5792 2203 5854 εις
2245 5791 2547 5847 κατάλυσιν
2593 5790 2688 5845 τοῦ
2736 5792 3086 5863 ’Δπεὶχασὴμ
3142 5795 3483 5864 περιίστατο.

2991 5885 3062 5945 39
