3960 6586
538 489 669 559 1227

532 603 848 665 Kurd-luci;
892 600 961 654 ibi
1019 597 1250 667 positum
1310 593 1524 648 videtur
1585 589 1706 644 ἀντὶ
1751 587 1866 654 τοῦ,
1908 586 2113 642 ἀπόλυ-

533 715 639 762 σις,
668 693 929 748 liberalia.

611 782 955 845 Κατεπάνω,
980 780 1068 835 9-4.
1099 776 1404 830 Κατεπάνω
1428 772 1537 827 τῶν
1562 771 1892 840 ἀξιωμάτων
1918 780 2068 821 verto
2095 782 2111 819 :

541 878 866 945 Prwposilns
911 871 1274 942 dignitatibus.
1322 867 1455 920 Puto
1491 880 1608 919 esse
1647 863 1712 916 ab
1757 862 1946 914 ἐπάνω
1979 874 2113 928 prie-

535 972 709 1036 posito
763 964 928 1018 κατά.
985 962 1074 1016 Bis
1121 960 1387 1030 reperitur
1440 956 1492 1010 in
1547 955 1774 1024 epistola
1825 951 1997 1004 Alexii
2047 950 2112 1002 ad

537 1059 827 1114 llenricum
861 1056 998 1108 libro
1030 1053 1213 1106 tertio.
1261 1049 1412 1115 Quod
1451 1046 1718 1100 Meursius
1756 1044 1896 1096 hanc
1930 1055 2113 1092 vocem

537 1165 817 1220 exponens
846 1147 1262 1213 Redemptorem
1299 1139 1643 1209 vectigalium
1674 1135 1860 1195 vertit,
1900 1129 2116 1202 generis

540 1255 736 1295 nomen
769 1237 963 1306 speciei
995 1233 1202 1288 tribuit.
1238 1231 1502 1284 Videntur
1533 1227 1760 1281 eniin'ol
1793 1221 2116 1284 κατέπανοι,

543 1333 718 1388 velut
770 1330 966 1384 melius
1025 1326 1282 1380 scribitur
1345 1325 1446 1376 hoc
1497 1321 1637 1382 loco,
1699 1320 1746 1370 oi
1803 1314 2117 1376 κατεπάνω,

541 1425 666 1477 dicti
700 1423 866 1476 fuisse
898 1418 1171 1487 praepositi
1215 1415 1437 1469 cuilibet
1482 1412 1583 1476 rei,
1615 1420 1670 1463 ut
1702 1409 1792 1462 hic
1842 1407 2120 1475 dignitati-

545 1518 667 1582 bus,
712 1514 782 1567 les
830 1511 1254 1566 surintendauts.
1314 1504 1498 1573 Itaque
1535 1516 1731 1556 censeo
1767 1501 1904 1553 hanc
1938 1511 2120 1558 vocem

546 1609 747 1663 Graecae
786 1604 1014 1672 originis
1045 1610 1099 1656 et
1140 1597 1401 1667 analogiae
1439 1595 1594 1664 plane
1618 1595 1886 1646 diversam
1918 1590 1984 1641 ab
2015 1586 2120 1639 alia

549 1714 694 1754 mere
743 1696 972 1751 barbara
1029 1691 1294 1760 sequioris
1343 1687 1566 1743 Grzecia:
1615 1699 1712 1738 usu
1767 1681 1890 1734 trita
1949 1676 2120 1730 καπέ-

546 1809 743 1854 τανος,
785 1797 876 1842 aut
924 1784 1245 1844 καπέτανις,
1282 1781 1362 1832 vel
1395 1783 1554 1834 etiam
1604 1776 1930 1833 καπετὰνιος
1975 1770 2126 1838 capi-

551 1885 693 1936 tm'ne
723 1882 790 1934 de
827 1893 933 1947 qua
960 1873 1332 1944 glossographi
1357 1880 1440 1924 sat
1465 1870 1654 1923 multa.

625 1971 948 2039 Κὰτεργον.
984 1966 1267 2020 Triremis.
1316 1963 1448 2015 V'ide
1499 1957 1758 2029 glossaria
1807 1952 2022 2008 Meursii
2075 1961 2130 2004 et

554 2063 774 2117 Fabroti
811 2062 874 2114 ad
902 2059 1165 2116 Nicetam,
1209 2057 1301 2109 lib.
1356 2070 1408 2118 ιι,
1472 2059 1592 2119 post
1642 2047 1875 2101 medium
1921 2062 1933 2097 :
1993 2044 2126 2093 Ἀπο

554 2152 763 2208 ἀστειλε
795 2149 886 2204 τὸν
940 2145 1276 2215 καλούμενον
1330 2139 1583 2207 δεύτερον
1617 2136 1831 2204 κόμητα
1873 2129 2010 2201 μετὰ
2036 2127 2130 2180 τοῦ

556 2245 690 2296 ἰδίου
717 2242 1010 2310 κατέργου.

628 2336 915 2388 Καύκων.
947 2330 1229 2393 Caucium,
1260 2327 1354 2380 lib.
1389 2341 1470 2387 ιιι,
1513 2322 1564 2374 in
1605 2319 1825 2390 cpistola
1861 2314 2028 2367 Alesii
2067 2310 2132 2364 ad

561 2423 848 2482 llenricum
879 2426 999 2495 jure
1021 2423 1210 2490 Opinor
1245 2433 1360 2472 meo
1392 2419 1442 2470 in
1464 2412 1907 2481 interpretatione
1936 2406 2134 2461 retinui

562 2535 755 2574 sonum
783 2518 958 2586 ipsum
993 2515 1140 2566 vocis
1167 2512 1410 2566 barbarae
1431 2508 1775 2576 ejusdemque
1799 2501 2134 2569 πολυσήμου.

483 2609 491 2614 ’
563 2611 693 2664 Nam
723 2617 776 2662 et
804 2607 1047 2676 hydriam
1077 2612 1132 2658 et
1168 2601 1388 2654 calicem
1435 2608 1490 2650 et
1522 2610 1798 2650 nummum
1829 2599 2006 2645 sonat.
2062 2588 2136 2640 Ex

571 2702 767 2773 quibus
805 2696 1121 2753 nationibus
1153 2694 1385 2748 secunda
1431 2690 1662 2742 maxime
1713 2686 1761 2738 in
1797 2685 1938 2736 hunc
1965 2683 2138 2734 locum

569 2796 844 2865 quadrat;
901 2805 998 2844 nec
1047 2804 1187 2841 vana
1235 2785 1465 2839 fortasse
1519 2779 1752 2847 suspicio
1784 2777 1877 2841 sit,
1932 2776 1975 2827 si
2021 2774 2142 2842 quis

567 2887 788 2942 calicem
823 2897 1036 2938 sacrum
1064 2880 1128 2932 ad
1161 2892 1314 2931 usum
1341 2871 1595 2928 sacriﬁcii
1631 2885 1694 2924 ex
1728 2884 1936 2937 gemma
1973 2865 2142 2919 solida

569 2976 904 3044 sardonyche
946 2973 1140 3025 factum
1193 2967 1281 3020 hic
1324 2963 1609 3033 intelligat.
1668 2958 1802 3013 Vide
1832 2957 2142 3012 Meursium.

643 3063 865 3118 Ιίἐλλα.
908 3061 1020 3121 Lib.
1046 3075 1136 3121 xv,
1161 3057 1307 3112 Cella
1347 3052 1618 3108 rnonachi.

642 3154 946 3223 Κληρικοί.
972 3150 1188 3213 Clerici,
1213 3149 1586 3218 episcoporum
1623 3140 1861 3204 asseclae,
1896 3139 1989 3192 lib.
2026 3151 2145 3198 xm,

573 3250 626 3302 in
661 3247 1022 3300 instrumento
1054 3239 1202 3307 pacis
1232 3253 1246 3290 :
1280 3236 1342 3287 Ol
1390 3231 1817 3300 Θεοφιλέστατοι
1856 3230 2149 3280 ὲπῖσκοποι

587 3339 869 3408 Ἀμάλφης
908 3332 1156 3403 Μαῦρος,
1193 3330 1286 3382 καὶ
1320 3329 1348 3378 ὁ
1387 3325 1480 3379 τοῦ
1523 3323 1796 3392 Ταρέντου
1846 3319 2149 3390 Ῥενάρδος,

579 3429 671 3480 καὶ
705 3428 753 3477 οἱ
784 3427 881 3476 σὺν
925 3421 1074 3492 αὑτῷ
1105 3418 1376 3490 κληρικοί.

654 3519 935 3586 Κόμητες.
999 3513 1203 3566 Tritior
1253 3513 1366 3564 haec
1412 3523 1509 3562 vox
1542 3517 1626 3562 est
1684 3521 1782 3559 usu
1837 3499 2155 3572 posterioris

581 3607 803 3665 Cra-ciae
840 3621 999 3674 quam
1027 3614 1085 3657 ut
1112 3605 1175 3657 de
1208 3602 1294 3654 illa
1331 3603 1624 3653 notandum
1656 3598 1742 3650 hic
1772 3597 1840 3649 sit
1863 3593 2154 3663 quidquam

585 3701 910 3764 distinctius,
953 3696 1247 3767 praesertim
1277 3708 1396 3747 cum
1429 3693 1484 3746 in
1520 3707 1579 3746 ea
1604 3691 1850 3759 copiosus
1882 3689 1951 3739 sit
1981 3684 2159 3738 Meur-

580 3795 730 3852 sius,
788 3805 944 3858 quem
988 3786 1237 3840 cOnsulas
1294 3784 1437 3838 licet.
1489 3781 1642 3836 Addo
1704 3792 1904 3832 tantum
1964 3787 2160 3846 prteter

584 3881 926 3936 notissimam
977 3878 1132 3931 istam
1195 3876 1470 3928 notionem
1523 3871 1820 3941 dignitatis,
1873 3867 2160 3936 aliquando

584 3971 884 4040 simplicius
924 3969 1174 4034 usurpari
1230 3965 1369 4018 hanc
1403 3978 1583 4018 vocem
1641 3972 1696 4014 ut
1755 3961 1988 4028 antiqua:
2043 3957 2160 4011 voci

585 4061 788 4115 Latina:
838 4074 1007 4112 comes
1069 4057 1426 4123 respondeat,
1477 4064 1529 4107 et
1595 4052 1856 4107 asseclam
1909 4059 1998 4102 aut
2065 4051 2164 4102 via:

589 4153 795 4206 socium
830 4158 1009 4204 sonet.
1049 4146 1166 4200 Lib.
1202 4161 1310 4209 xiv,
1345 4147 1442 4198 sub
1467 4143 1704 4197 medium
1733 4143 1798 4196 de
1835 4141 2165 4210 principibus

589 4241 756 4296 Calais
788 4240 855 4294 ad
911 4238 1289 4305 imperatorem
1342 4250 1465 4288 cum
1519 4248 1711 4300 magno
1756 4234 2016 4284 comitatu
2065 4231 2164 4282 ad-

590 4333 844 4385 euntibus
871 4345 885 4381 :
922 4327 1186 4386 Ὅπόσους
1222 4325 1288 4378 ἂν
1319 4324 1549 4385 ἕκαστος
1587 4323 1693 4375 τῶν
1725 4323 1982 4391 κομήτων
2012 4319 2165 4370 ἐϐού-

590 4424 714 4474 λετο
762 4415 1325 4489 συμπαραλαμδάνων
1378 4415 1571 4485 εἰσῄει.
1597 4413 1669 4467 lbi
1708 4421 1885 4466 tamen
1916 4412 2164 4479 ambigua

593 4515 764 4568 oratio
793 4506 874 4567 est
903 4523 957 4566 et
991 4511 1035 4564 si
1067 4526 1166 4563 vox
1211 4511 1468 4578 κομήτων
1503 4507 1767 4562 referatur
1802 4506 1868 4558 ad
1900 4506 2148 4568 Exue-.03,

597 4617 653 4661 ut
687 4615 830 4660 recte
851 4612 1049 4674 potest,
1077 4603 1210 4656 nihil
1240 4602 1587 4656 innovabitur
1613 4600 1664 4652 in
1695 4599 1812 4667 ejus
1838 4598 2164 4667 signiticatu,

597 4699 690 4753 sed
723 4707 929 4751 tantum
957 4695 1001 4748 si
1027 4693 1293 4748 referatur
1324 4693 1389 4744 ad
1420 4690 1673 4753 ὁπόσους.

665 4791 1018 4859 Κομιτούρα.
1072 4785 1196 4840 Lib.
1248 4802 1322 4839 xi.
1392 4784 1580 4838 Militia
1640 4786 1857 4853 prOpria
1916 4786 2170 4851 cujusque

599 4883 832 4937 comitis.
881 4879 1200 4948 Coniunctis
1253 4877 1394 4930 enim
1426 4879 1490 4929 ad
1523 4876 1971 4944 oppugnatiOncm
2025 4874 2174 4928 urbis

599 4975 796 5028 Niczeaa
845 4970 1158 5024 Latinorum
1210 4967 1461 5021 omnibus
1515 4968 1706 5034 copiis,
1765 4965 2017 5018 comitum
2065 4966 2177 5017 sive

603 5065 902 5135 principum
954 5061 1344 5128 unusquisque,
1389 5058 1442 5110 in
1473 5058 1588 5110 loco
1617 5067 1766 5109 certo
1797 5057 1991 5124 cuique
2044 5058 2179 5111 assi-

605 5167 768 5228 gnato
831 5153 1079 5223 proprias
1139 5150 1238 5204 sub
1307 5149 1476 5217 signis
1534 5148 1895 5217 peculiaribus
1945 5148 2180 5201 habebat

609 5251 814 5318 copias.
845 5244 952 5299 llas
977 5255 1280 5298 castrorum
1322 5255 1373 5293 et
1415 5243 1683 5295 exercitus
1707 5241 1935 5293 universi
1978 5250 2178 5307 partes,

611 5358 837 5410 quarum
865 5350 1200 5408 unaquaeque
1245 5337 1344 5389 sub
1375 5333 1576 5402 proprii
1608 5333 1820 5387 comitis
1864 5332 2181 5401 praefectura

609 5445 749 5498 erat,
775 5432 1112 5507 κομιτούρας
1142 5431 1297 5484 Anna
1330 5437 1507 5482 vocat.

683 5523 1130 5587 Κονοσταῦλος.
1201 5519 1405 5573 Practer
1479 5527 1733 5571 annotata
1812 5531 1841 5569 a
1928 5513 2184 5578 Meursio,

617 5614 988 5677 Κονσσταῦλος
1049 5627 1241 5667 nomen
1295 5622 1377 5666 est
1430 5610 1708 5675 dignitatis
1762 5624 1869 5663 non
1922 5619 1980 5662 ut
2030 5607 2189 5662 hodie

613 5709 906 5780 singularis
935 5717 988 5762 et
1024 5706 1197 5760 unicae
1226 5707 1276 5758 in
1312 5715 1422 5758 toto
1449 5719 1637 5774 regno,
1667 5705 1759 5756 sed
1790 5717 1909 5770 quae
1933 5700 2188 5769 multipli-

613 5804 881 5857 catiunem
913 5800 1222 5855 admitteret
1261 5815 1273 5851 :
1323 5799 1458 5850 adeo
1508 5805 1565 5849 ut
1623 5795 1772 5848 inulti
1821 5793 1979 5847 simul
2011 5791 2188 5846 Cono-

614 5897 772 5951 stabli
822 5910 942 5951 esse
987 5901 1226 5959 possent,
1297 5891 1375 5945 uti
1436 5889 1592 5944 badic
1636 5885 1998 5950 mareschalli,
2053 5897 2188 5950 quos

1699 473 2198 540 GLOSOARIUM
2237 461 2604 531 ANNrEUM-

2210 587 2424 635 vocant.
2460 577 2512 631 ld
2538 573 2735 630 indicat
2769 569 2942 631 Anna,
2968 565 3066 620 lib.
3097 559 3337 627 xnt,sub
3371 555 3631 621 medium,
3657 559 3768 613 dum

2214 671 2568 727 Baimundum
2615 665 2761 719 l‘a'sis
2798 665 3056 715 adversus
3088 655 3352 725 quosdam
3387 667 3608 706 suorum
3637 652 3766 703 dela-

2212 766 2452 820 tionibus
2487 759 2878 829 perturbatum,
2909 751 3069 804 anxie
3110 747 3444 801 deliberasse
3474 743 3590 797 ait:
3619 742 3768 806 Τίνας

2213 855 2326 909 ἀντ’
2357 853 2532 904 αὐτῶν
2577 843 2982 904 Κονοσταύ).ους
3008 840 3278 907 ποιήσειε.

2290 948 2565 1008 (idern-cr.
2595 939 2726 992 Muri
2752 936 3011 990 ambitus.
3041 931 3117 984 La
3148 929 3411 990 courtine,
3441 926 3533 978 lib.
3575 939 3647 985 XI.
3693 925 3769 976 ubi

2217 1041 2279 1091 de
2325 1036 2608 1089 obsidione
2660 1027 2929 1082 Nicwensi
2970 1024 3076 1076 τῶν
3119 1019 3322 1091 μεταξὺ
3373 1017 3652 1086 κῡρτινῶν,
3679 1029 3768 1067 non

2219 1140 2422 1186 autem,
2462 1135 2519 1175 ut
2578 1121 2843 1174 Meursius
2889 1117 3019 1170 citat
3066 1127 3129 1166 ex
3183 1108 3576 1164 lltescltelianis
3603 1121 3766 1160 excer-

2216 1219 2344 1288 ptis,
2382 1215 2475 1267 lib.
2511 1226 2629 1264 vm.

2290 1302 2684 1359 Κουκούλιον.
2731 1297 3120 1366 Tegumentum
3166 1287 3362 1358 capitis
3410 1285 3766 1337 monachorum

2218 1402 2519 1470 proprium,
2554 1396 2646 1448 lib.
2681 1410 2768 1448 XV.

2291 1490 2512 1545 Ιίοῦλα.
2547 1490 2654 1540 Arx
2687 1483 2938 1552 imposita
2967 1479 3191 1534 civitati.
3225 1477 3343 1530 Lib.
3368 1491 3444 1539 xi,
3473 1474 3569 1528 sub
3601 1473 3766 1525 linem:

2219 1585 2331 1650 Τὴν
2389 1583 2571 1652 μέντοι
2606 1575 2904 1645 ἀκρόπολιν
2935 1574 3070 1641 ὅπερ
3118 1569 3292 1622 κῶλα
3324 1568 3419 1620 νῦν
3463 1567 3495 1632 ἡ
3547 1564 3768 1630 συνήθεια

2220 1678 2408 1730 καλεῖν
2463 1675 2676 1738 εῐωοεν,
2724 1670 2802 1722 ἔτι
2839 1668 3038 1720 Κέλτοι
3071 1666 3347 1733 κατεῖχον.
3405 1658 3568 1714 Libro
3608 1659 3766 1711 eodem

2223 1786 2317 1821 arx
2350 1767 2686 1820 Antiochena
2728 1759 2896 1813 2051a
2926 1766 3167 1811 vocatur.

2296 1881 2637 1934 κύπελλον.
2694 1873 2906 1936 Pollux,
2939 1871 3035 1923 lib.
3072 1884 3146 1930 vt,
3193 1881 3316 1933 cap.
3383 1865 3469 1927 l6,
3521 1876 3770 1914 «ouimirne

2227 1972 2328 2024 hoc
2378 1967 2696 2022 vocabulum
2759 1961 2964 2032 poculis
3023 1958 3313 2020 omnibus,
3385 1955 3479 2007 sed
3539 1954 3769 2021 poeticum

2227 2060 2510 2129 agnoscit:
2570 2057 2642 2108 Τὸ
2669 2057 2778 2123 γὰρ
2821 2053 2990 2113 δέπας
3049 2050 3144 2102 καὶ
3195 2046 3468 2099 κύπελλον
3529 2045 3770 2110 ποιηταὶ.

2231 2151 2291 2205 Vi
2321 2154 2459 2204 lctur
2496 2159 2674 2199 tamen
2709 2145 2860 2198 Anna
2885 2143 2934 2195 id
2969 2156 3230 2206 usurpare
3257 2155 3352 2205 ριυ
3391 2147 3540 2189 certo
3574 2136 3776 2202 quodam

2229 2257 2427 2313 genere
2457 2256 2517 2290 ac
2564 2237 2734 2290 forma
2793 2233 2990 2301 pm-uli,
3043 2234 3166 2281 dum
3222 2229 3315 2280 lib.
3376 2242 3467 2287 xv,
3520 2228 3614 2278 sub
3642 2225 3731 2276 line
3753 2241 3778 2273 u

2233 2332 2312 2385 sit:
2359 2329 2548 2383 scribit
2585 2345 2596 2380 :
2631 2325 2815 2390 ’Ύδωρ
2847 2322 3018 2392 ἐδέδου
3046 2320 3131 2372 διὰ
3172 2317 3266 2370 τοῦ
3295 2316 3586 2376 anxium,
3625 2315 3680 2365 οὗ
3723 2311 3780 2363 δι’

2234 2421 2562 2491 ἐκπώματός
2590 2436 2731 2480 τινος
2757 2415 2955 2476 πίνειν,
2983 2415 3069 2465 ἵνα.
3105 2413 3177 2483 μὴ
3227 2411 3437 2476 γένοιτό
3475 2411 3523 2459 οἱ
3553 2407 3786 2468 minimc

2234 2515 2506 2577 δυσκόλως
2537 2513 2666 2582 περὶ
2697 2511 2795 2579 τὴν
2845 2507 3173 2565 κατάποσιν,
3234 2501 3670 2570 φλεγμαινούσης
3700 2501 3787 2568 τῆς

2237 2608 2493 2679 ὑπερῴης
2513 2607 2607 2658 καὶ
2627 2604 2793 2670 αὐτῆς
2826 2603 2888 2670 δὴ
2911 2601 3008 2668 τῆς
3039 2597 3316 2665 γλώσσης,
3343 2605 3451 2645 etc.
3479 2589 3788 2644 Sententiatn

2239 2701 2475 2767 divinavi
2511 2709 2561 2751 cl
2595 2694 2838 2762 expressi
2872 2703 2929 2745 ut
2986 2690 3152 2758 potui,
3208 2687 3349 2750 quod
3389 2685 3532 2738 idem
3568 2680 3793 2734 usuvenit

2242 2796 2293 2848 in
2331 2802 2438 2844 tota
2474 2791 2584 2844 lere
2611 2791 2710 2842 islu
2743 2785 3107 2852 descriptione
3130 2781 3300 2834 morbi
3328 2788 3382 2832 et
3409 2778 3594 2829 mortis
3617 2774 3790 2837 Alexii,

2243 2884 2331 2937 ubi
2371 2884 2536 2934 cadi-x
2589 2877 3070 2932 immmerabilibus
3107 2873 3304 2942 passim
3356 2868 3567 2923 lacunis
3598 2868 3719 2930 hiat,
3749 2875 3796 2918 et

2243 2990 2363 3045 qua)
2394 2974 2646 3027 continue
2686 2969 2849 3022 refert
2884 2965 3341 3021 incorrectissima
3372 2961 3612 3017 exhibet.

2317 3065 2528 3130 Κῦρος.
2573 3060 2896 3115 llonorilicae
2929 3053 3384 3125 compellationiS'
3419 3051 3669 3113 formula,
3712 3049 3801 3101 mi.

2250 3169 2440 3211 nutum
2470 3172 2532 3207 ex
2570 3153 2761 3223 κύριος
2791 3162 2847 3205 ιιι
2882 3149 3020 3220 apud
3055 3149 3278 3201 Latinos
3313 3147 3548 3200 domnus
3603 3157 3664 3196 ex
3712 3142 3800 3196 do-

2251 3252 2419 3303 mino.
2481 3244 2600 3298 Lib.
2661 3261 2782 3306 xui,
2845 3243 3142 3310 inperator
3188 3247 3241 3291 et
3298 3239 3416 3305 ejus
3476 3235 3616 3288 ﬁlius
3667 3230 3802 3301 quasi

2250 3356 2400 3409 prep:
2419 3341 2465 3392 ie
2489 3349 2541 3392 et
2567 3337 2923 3403 appellatione
2950 3331 3172 3399 privatis
3199 3344 3303 3381 non
3333 3327 3704 3387 conveniente,
3723 3323 3807 3375 κῦ-

2253 3448 2346 3502 ρος
2388 3433 2619 3485 dicitur;
2657 3429 2795 3480 unde
2830 3425 2968 3477 forte
2994 3432 3238 3477 nostrum
3276 3418 3391 3472 Sire
3418 3437 3437 3484 ;
3469 3418 3628 3486 κῦρις
3659 3417 3804 3468 etiam

2255 3525 2450 3576 iterum
2482 3530 2535 3573 ct
2571 3519 2730 3571 tcrtio
2757 3517 2894 3569 idem
2931 3516 3203 3580 Angustus
3275 3509 3657 3577 compellatur.
3704 3504 3804 3557 Non

2257 3622 2433 3667 tamen
2473 3625 2688 3680 semper
2734 3620 2960 3662 summie
3011 3614 3223 3656 servata
3267 3601 3523 3671 potestati
3582 3598 3807 3651 luitha‘c

2258 3719 2384 3768 vox,
2444 3704 2537 3756 sed
2596 3700 2909 3770 promiscue
2978 3695 3224 3764 personis
3280 3692 3562 3758 honoratis
3609 3688 3807 3741 attribui

2255 3794 2410 3866 prius
2440 3793 2666 3846 solebat.
2731 3789 2964 3841 Sanctus
3014 3785 3284 3838 Maximus
3345 3783 3398 3834 in
3449 3781 3811 3834 dissertatiOue

2258 3900 2380 3940 cum
2435 3884 2645 3954 Pyrrho
2687 3882 2764 3934 sic
2799 3894 2921 3932 eum
2971 3892 3150 3929 secum
3199 3873 3507 3942 loquentem
3554 3871 3720 3922 l'acit:
3757 3867 3813 3919 Ti

2261 3996 2343 4031 σοι
2375 3977 2544 4029 κακὸν
2568 3975 2927 4042 ἐποιήσαμεν,
2960 3968 3090 4038 κῦρι
3127 3967 3271 4020 ᾶϐὁα
3311 3963 3536 4032 Μάξιμε
3568 3978 3583 4024 ;
3636 3960 3814 4014 Viden-

2261 4072 2388 4125 dum
2423 4071 2586 4124 eiiam
2625 4082 2690 4120 an
2740 4079 2845 4117 non
2880 4062 3148 4128 religiosae
3194 4055 3545 4126 appellationi
3597 4053 3812 4105 cmlitunr

2261 4163 2450 4218 eadem
2481 4175 2580 4212 vox
2632 4156 2858 4218 serviat,
2899 4163 2956 4205 ut
3024 4151 3192 4220 κῦρος
3245 4147 3526 4215 Γεώργιος
3581 4145 3649 4197 ab
3682 4144 3812 4194 Anna

2265 4263 2619 4315 memoratus,
2658 4250 2730 4303 sit
2764 4248 2921 4302 divus
2949 4243 3236 4312 Georgius,
3282 4250 3342 4294 ut
3387 4253 3487 4292 nos
3543 4237 3814 4304 loquimur.

3002 4384 3068 4437 A.

2336 4504 2547 4568 Λίζὶος.
2585 4499 2907 4570 Ἀνθρωπος
2941 4496 3353 4560 λίζιος,1ιοηιηιε
3380 4492 3506 4559 lige,
3526 4490 3820 4560 ὑποχείριος

2265 4597 2472 4660 agam,
2513 4593 2867 4664 jurejurando
2913 4589 3054 4658 quod
3101 4594 3296 4641 voeant
3367 4583 3644 4638 tidelitatis
3687 4580 3823 4633 alicui

2269 4687 2409 4740 velut
2440 4683 2671 4753 principi
2709 4680 3027 4741 obstrictus,
3060 4686 3111 4728 et
3137 4673 3484 4753 beneﬁciaria
3507 4671 3631 4740 jure
3671 4670 3824 4722 obno-

2272 4781 2388 4832 xius
2416 4777 2606 4831 cliens.
2660 4772 2790 4826 Vide
2819 4771 3109 4823 Meursium
3138 4779 3190 4820 et
3217 4745 3557 4821 Glossarium
3586 4765 3652 4817 ad
3693 4760 3828 4815 Nice-

2272 4881 2471 4925 cetam.
2518 4867 2726 4931 Quibus
2765 4863 2887 4916 addi
2940 4861 3172 4929 plurima
3224 4866 3451 4926 possunt
3502 4871 3566 4910 ex
3622 4855 3828 4909 lectione

2274 4962 2599 5029 scriptorum
2633 4957 2830 5010 citium
2871 4957 3177 5015 vetustatis,
3213 4952 3412 5020 passim
3447 4949 3625 5002 cuivis
3667 4948 3826 5001 obvia.

2349 5049 2764 5121 Λογγιϐαρδία.
2813 5047 2867 5099 Si
2901 5047 3020 5113 quis
3056 5047 3156 5097 hoc
3205 5057 3398 5095 nomen
3439 5040 3647 5109 vulgari
3694 5038 3832 5093 hodie

2279 5146 2496 5200 notione
2523 5142 2748 5210 accipiat
2780 5153 2876 5206 pro
2926 5136 3210 5203 subalpiua
3263 5133 3440 5197 Italia,
3505 5147 3667 5200 quam
3719 5129 3830 5184 olim

2280 5239 2508 5295 Romani
2560 5234 2868 5288 citeriorem
2929 5230 3158 5284 Galliam
3215 5227 3524 5290 vocabant',
3582 5241 3666 5278 na:
3712 5226 3754 5278 is
3792 5224 3834 5273 in

2281 5333 2450 5384 Amne
2494 5325 2726 5380 llistoria
2765 5323 3057 5392 plurimum
3089 5318 3341 5382 falletur;
3379 5318 3524 5370 inea
3575 5317 3718 5369 enim
3748 5329 3836 5367 sa:-

2283 5424 2399 5492 pius
2430 5417 2680 5472 Calabria
2713 5425 2800 5468 aut
2846 5413 3138 5481 Campania
3192 5411 3297 5464 isto
3337 5411 3560 5464 nomine
3613 5411 3841 5476 designa-

2288 5521 2390 5564 tur.
2423 5508 2554 5562 Puta
2593 5506 2728 5559 libro
2761 5502 2934 5572 primo
2970 5502 3059 5554 ubi
3121 5501 3187 5553 de
3230 5500 3403 5553 initiis
3450 5499 3680 5552 Roberti
3707 5497 3841 5552 Cala-

2286 5602 2418 5657 bria:
2447 5599 2640 5653 ducis:
2685 5595 2828 5649 cuia
2894 5608 3082 5648 socero
3137 5593 3392 5644 tributam
3455 5590 3629 5644 fuisse
3679 5597 3842 5644 urbem

2288 5696 2415 5749 dicit
2457 5694 2505 5744 in
2537 5684 2916 5756 Λογγισαρδεᾳ
2953 5684 3114 5738 sitam
3166 5679 3431 5751 φρούριον
3465 5691 3734 5734 vocatam.
3773 5677 3847 5729 Est

2289 5793 2466 5839 autem
2496 5797 2595 5833 arx
2619 5779 2813 5834 civitas
2843 5777 2920 5831 sic
2956 5777 3095 5830 dicta
3131 5788 3235 5828 non
3266 5774 3426 5841 longe
3459 5787 3492 5825 a
3539 5772 3752 5841 Capua,
3795 5773 3847 5824 ὼ

2290 5887 2392 5943 qua
2437 5871 2490 5926 in
2515 5867 2667 5923 Notis
2691 5866 2757 5920 ad
2793 5879 2915 5920 eum
2973 5864 3151 5920 locum
3215 5861 3429 5918 dicetur
3476 5861 3712 5932 aliquid.
3755 5863 3849 5929 Qua
