3960 6578
209 472 344 541 1229

201 591 492 646 occasione
523 607 683 661 porro
719 595 856 648 inter
885 597 1102 654 Graecos
1127 601 1454 670 Byzantinos
1481 606 1771 660 invalueril.

205 681 320 734 haec
349 685 684 736 consuetudo
714 685 792 739 sic
820 687 1026 742 Italiam
1064 692 1388 758 appellandi,
1449 695 1602 748 docet
1651 710 1776 747 ern-

203 769 314 822 dite
346 770 430 823 vir
470 786 621 840 wate
668 775 948 844 religiosus
1005 794 1068 831 ac
1140 781 1348 846 dot-tus,
1396 799 1550 846 quem
1610 787 1769 837 hono-

202 859 279 911 ris
329 865 807 925 causamomino.
864 867 932 920 ll.
1008 869 1068 922 Ρ.
1135 871 1315 933 Goar,
1389 866 1776 940 pastertorilms

201 943 356 1003 Notis
387 953 452 1004 ad
491 953 818 1021 Cedrenum,
849 960 912 1011 ad
943 975 1064 1028 pag.
1095 949 1220 1024 577,
1253 980 1410 1030 quem
1449 981 1773 1033 magnopere

202 1055 397 1095 censeo
425 1047 700 1103 consulas.
729 1049 1033 1104 Admonere
1084 1052 1134 1105 id
1191 1054 1290 1107 hoc
1346 1055 1464 1107 loro
1502 1056 1769 1120 iuterfuil,

203 1149 271 1185 ne
326 1135 448 1202 quis
514 1139 742 1190 miretur
804 1153 923 1192 cum
987 1143 1178 1196 viderit
1243 1159 1326 1196 me
1375 1146 1774 1214 Λογγιόαρδίαν

202 1221 472 1278 interdmn
544 1227 766 1294 Italiam,
826 1231 959 1284 alias
1018 1233 1320 1288 Calabriam
1383 1237 1771 1302 interpretari;

205 1314 335 1380 quin
369 1316 530 1368 etiam
565 1317 857 1386 aliquando
906 1322 1338 1393 Longobardiam
1385 1326 1576 1380 Latine
1621 1329 1771 1396 posui

200 1407 423 1462 notione
447 1409 629 1462 eadem
653 1426 758 1478 qua
792 1413 841 1464 id
873 1429 1065 1469 nomen
1101 1413 1271 1469 Grani
1313 1429 1556 1470 sumunt.

269 1501 592 1567 Λογχαγιά.
622 1503 739 1556 Lib.
783 1521 808 1557 χ
832 1544 847 1570 ,
881 1508 978 1561 sub
1022 1508 1179 1561 linem
1212 1527 1224 1562 :
1261 1511 1649 1579 παρεγγιῶμαί
1689 1529 1772 1564 σοι

201 1589 339 1657 μήτε
387 1593 523 1660 πρὲς
551 1594 813 1662 οὐραγίαν
851 1599 984 1665 μήτε
1018 1601 1152 1666 πρὸς
1183 1601 1479 1670 λογχαγίαν
1519 1595 1770 1658 ἵστασθαι

201 1681 500 1749 φάλαγγος.
523 1683 722 1738 Suadet
742 1685 1004 1742 Thrasoni
1031 1689 1248 1745 Alexius
1276 1693 1438 1745 nimio
1463 1694 1579 1761 plus
1603 1711 1766 1764 quam

202 1773 360 1827 vellet
393 1776 626 1828 hostium
663 1777 965 1841 inventura,
999 1791 1052 1834 nt
1098 1799 1199 1834 non
1234 1781 1285 1835 in
1333 1785 1503 1852 prima
1558 1803 1660 1840 non
1717 1788 1768 1841 in

199 1871 471 1929 postrema
519 1869 632 1918 acie
665 1883 898 1936 pugnare
946 1882 1182 1937 appetat,
1233 1873 1325 1926 sed
1362 1876 1412 1928 in
1455 1877 1625 1931 media
1663 1893 1678 1930 :
1716 1891 1770 1933 ut

199 1963 374 2008 tectus
407 1958 641 2025 undique
687 1974 912 2013 numero
953 1979 1168 2016 suorum
1221 1975 1364 2020 tutus
1408 1981 1528 2022 esse
1578 1972 1764 2037 poSsit.

195 2047 474 2116 Οὖραγίαν
503 2065 600 2118 pro
622 2052 738 2104 acie
770 2067 1036 2119 posuema
1063 2056 1162 2125 legi
1191 2061 1331 2124 apud
1358 2057 1765 2129 XenophOntem

194 2139 245 2191 in
279 2139 568 2207 ἀποϐάσει,
599 2142 890 2211 λογχαγὶαν
919 2163 1202 2213 nusquam.
1233 2150 1374 2202 Nova
1402 2169 1501 2207 vox
1531 2155 1765 2210 videtur.

191 2229 319 2283 ld-eo
351 2231 522 2286 codex
556 2234 693 2286 alter
718 2229 976 2306 λοχαγίαν
1018 2240 1218 2293 habet:
1245 2257 1362 2310 quae
1397 2259 1491 2296 vox
1525 2246 1625 2298 huc
1659 2263 1764 2299 non

188 2321 445 2391 quadiat.
483 2325 752 2392 Qumritur
804 2331 944 2383 enim
999 2332 1282 2385 ἀντίθετον
1332 2336 1429 2403 τῆς
1481 2336 1763 2403 οὐραγίας,

189 2420 334 2484 quod
384 2433 504 2472 esse
550 2419 776 2490 λοχαγία
812 2425 1015 2490 nequit.
1075 2423 1242 2478 Recte
1302 2441 1430 2494 ergo
1475 2427 1764 2496 λογχςιγξα,

191 2508 634 2577 ἁντιπαράταξις
668 2512 814 2565 l'rous
838 2515 1130 2578 exercitus,
1163 2516 1252 2569 ubi
1283 2517 1474 2570 hastati
1519 2521 1767 2586 cuspides

187 2601 539 2665 protendunt.
587 2602 701 2657 Non
749 2604 1027 2659 dissimulo
1053 2615 1228 2662 tamen
1262 2609 1510 2679 λοχὰγων
1541 2613 1766 2665 mentio-

184 2703 317 2742 nem
361 2706 481 2758 qua:
511 2693 669 2745 tertio
704 2703 963 2760 quartove
993 2711 1114 2750 mox
1162 2712 1320 2752 versu
1366 2702 1605 2769 sequitur
1641 2717 1766 2771 pro-

185 2771 424 2830 babilem
452 2776 626 2833 facere
654 2777 936 2836 lectionem
965 2774 1246 2853 λοχαγίας.

926 2920 1018 2973 Μ’.

258 3017 656 3080 Μανιακᾶται.
699 3027 820 3083 Fuit
851 3032 940 3099 qui
990 3034 1362 3100 mmpicaretur
1407 3039 1586 3092 nescio
1633 3040 1763 3108 quid

185 3118 255 3169 de
301 3121 563 3185 torquatis
597 3118 786 3176 Gallis.
820 3123 1034 3178 Memini
1072 3126 1244 3194 legere
1296 3145 1380 3182 me
1420 3133 1558 3199 apud
1605 3130 1762 3201 Poly-

183 3207 337 3260 bium
385 3211 658 3280 μανιάκην
710 3223 972 3280 torquem.
1027 3214 1130 3268 Sed
1185 3234 1324 3270 nunc
1369 3235 1470 3271 non
1513 3229 1628 3273 erat
1679 3222 1763 3275 bis

181 3300 362 3361 locus,
387 3317 485 3355 nec
511 3306 759 3371 cuiquam
791 3315 967 3373 potest
998 3320 1114 3360 esse
1146 3309 1364 3363 dubium
1397 3312 1524 3379 quin
1557 3329 1754 3376 μανιιιο

177 3398 348 3452 κεται
379 3399 514 3466 apud
553 3401 781 3467 Annam,
819 3402 909 3455 lib.
940 3418 1030 3463 vu.
1064 3419 1188 3472 pag.
1223 3403 1358 3467 2l0,
1391 3407 1492 3460 sint
1521 3407 1760 3474 reliquiae

177 3488 462 3553 copiarum
495 3489 773 3555 Mattiacis,
805 3491 996 3545 famosi
1025 3495 1291 3562 quondam
1329 3497 1376 3547 in
1409 3495 1562 3549 [talia
1596 3497 1750 3549 Grat-

177 3595 373 3634 corum
416 3582 589 3645 ducis,
627 3593 685 3635 ut
713 3584 870 3637 docet
899 3584 1050 3638 Anna
1115 3586 1246 3652 ipsa,
1283 3586 1370 3640 lib.
1424 3603 1476 3651 ι,
1511 3604 1630 3658 pag.
1671 3588 1756 3642 Η.

176 3672 534 3741 Cu'ropalatcs
598 3675 648 3727 in
685 3675 921 3742 Diogene
956 3693 969 3727 :
999 3676 1345 3744 Αὑτάρανδος
1375 3675 1432 3729 δὲ
1475 3678 1552 3746 τῷ
1602 3695 1759 3747 μονο-

177 3759 344 3833 μᾶχέ)
392 3765 484 3816 καὶ
506 3767 986 3835 κατηγωνισμένου
1018 3768 1067 3819 οἱ
1099 3767 1194 3819 σὺν
1242 3769 1388 3836 αὐτῷ
1439 3770 1599 3838 (forte
1657 3771 1755 3823 σὺν

173 3853 354 3922 αὐτῷ)
397 3857 792 3925 περαιωθέντες
822 3857 896 3926 τῷ
932 3857 1142 3926 βασιλεῖ
1169 3858 1524 3923 δουλωθέντες
1559 3873 1758 3930 pavu-

173 3947 351 3998 κᾶταί
393 3964 454 3999 τε
498 3949 983 4017 ἐπωνομάσθησαν,
1019 3952 1111 4003 καὶ
1151 3954 1216 4022 τῇ
1263 3952 1549 4022 Ῥωμαίων
1584 3954 1749 4024 πολλῇ

171 4036 321 4090 forte
349 4039 542 4108 (πόλει)
573 4041 959 4108 ἐναπέμειναν.

250 4130 648 4197 Μανουήλημ.
685 4129 802 4186 Lib.
852 4149 940 4197 xv,
991 4135 1369 4187 candelabrum
1406 4148 1532 4190 ante
1587 4141 1754 4206 impe-

169 4227 416 4272 ratorem
452 4223 693 4290 praeferri
726 4225 938 4277 solitum
987 4241 1016 4278 a
1054 4227 1336 4280 manubrio
1369 4227 1504 4281 forte
1561 4232 1637 4281 sic
1672 4231 1756 4283 di-

165 4316 322 4364 ctum
357 4327 418 4365 ex
471 4312 660 4367 Latino
698 4316 861 4370 verbo
910 4329 1122 4372 manus.
1169 4317 1304 4374 Vide
1358 4318 1650 4374 Meursium
1699 4329 1752 4376 et

164 4396 316 4457 alios
346 4402 782 4474 glOSsograpbOS.

245 4489 600 4564 Μαρκέσση.
642 4498 833 4552 Dubito
855 4516 918 4552 an
960 4500 1059 4554 hoc
1092 4502 1164 4555 sit
1193 4517 1440 4570 pcrsonte
1470 4505 1748 4573 proprium

163 4602 397 4648 nomen,
437 4603 505 4640 an
535 4603 662 4641 vero
691 4590 965 4658 dignitatis
1017 4592 1157 4646 illius
1202 4595 1360 4646 hodie
1409 4597 1704 4650 notissima‘
1731 4638 1746 4660 ,

155 4681 794 4747 quaminarclilonatuin
826 4683 1051 4734 dicimus
1087 4700 1101 4736 :
1138 4685 1204 4736 ita
1249 4694 1304 4737 ut
1337 4685 1647 4743 Tancrcdus
1677 4688 1745 4744 ab

155 4769 326 4826 Anna
387 4773 624 4825 marchio
679 4785 920 4837 vocetur.
982 4774 1287 4844 Scriptores
1342 4782 1744 4847 espeditioiinm

153 4879 451 4916 sacrarum
484 4876 796 4920 constanter
831 4869 972 4920 hunc
1011 4866 1346 4923 Tancredum
1377 4885 1570 4927 vocant
1601 4874 1746 4927 Mar-

151 4949 304 5003 cliisi
347 4951 509 5004 lilium
541 4969 553 5002 :
588 4962 640 5006 et
665 4953 888 5008 fortasse
924 4955 1096 5008 Patris
1126 4975 1317 5010 nomen
1353 4961 1460 5012 lilio
1492 4965 1737 5031 adjunxit

151 5041 260 5094 hic
289 5041 467 5105 Anna,
494 5059 639 5098 more
669 5045 757 5098 illo
787 5048 950 5099 veteri
981 5064 1086 5116 quo
1110 5048 1362 5104 Socrates
1393 5051 1739 5121 Soplironisci

146 5143 215 5185 ot
248 5129 588 5202 Thucydides
616 5133 761 5188 Olori
789 5137 889 5189 dici
928 5137 1082 5191 solet.

241 5249 654 5314 Μιχαηλάτος.
687 5249 756 5303 Ut
803 5249 1156 5317 Ῥιπιμοινάτος
1193 5263 1371 5308 certas
1402 5237 1753 5312 nummorum

139 5339 377 5406 species
431 5341 711 5407 designant
765 5342 1085 5409 imaginibus
1137 5357 1405 5400 certorum
1450 5349 1741 5418 imperato-

143 5446 286 5481 rum
325 5443 511 5496 nempe
547 5425 819 5485 Michaelis
844 5446 935 5486 aut
974 5437 1196 5489 Romani
1231 5439 1477 5507 Diogenis
1510 5441 1742 5509 impres-

135 5537 276 5574 sas.
313 5520 391 5574 Ad
432 5522 742 5576 M‘cliaelem
771 5532 908 5591 quod
936 5529 1147 5586 attiiu-t,
1190 5530 1278 5583 lib.
1310 5545 1425 5592 xm,
1451 5533 1554 5586 Sub
1582 5534 1738 5586 linem

136 5621 220 5669 tit
281 5615 480 5666 mentio
508 5607 860 5683 Μιχαηλάτου
903 5619 1172 5688 χαραγῆς,
1209 5621 1307 5674 huc
1355 5632 1458 5684 est,
1505 5604 1740 5691 pceunirc

137 5719 442 5770 miprcssze
471 5705 643 5773 etligie
674 5707 947 5762 Michaelis
978 5712 1134 5764 Daca:
1166 5714 1412 5780 Augusti.
1452 5715 1542 5769 Sic
1588 5719 1730 5768 cnim

131 5796 324 5864 paulo
355 5807 471 5863 post
501 5797 738 5865 loquitur
773 5800 1098 5857 Baimundus
1120 5821 1132 5856 :
1157 5804 1391 5872 Ὀφείλω
1422 5807 1733 5876 λαμξτάνειν

127 5887 285 5944 κατ’
340 5888 561 5959 ἐτησίαν
603 5889 750 5944 δόσιν
776 5893 882 5945 ἀπὺ
936 5897 1046 5948 τῶν
1101 5894 1395 5966 βασιλικῶν
1447 5900 1733 5972 Θησαυρῶν

1366 491 1864 556 GLOSSARIUM
1902 499 2266 562 ANN/EUM.

3308 508 3328 567 1
3339 504 3442 569 230

1877 613 1965 663 τά)
1979 632 2111 668 αντα
2151 605 2396 668 διακόσια
2419 608 2512 669 rei")
2540 617 3091 687 προϐεϐασιλευκότος
3117 618 3287 691 κόρου
3337 614 3443 674 Mi-

1874 705 2014 773 χαὴλ
2067 705 2327 774 ποιότητά
2373 725 2429 759 τε
2457 710 2554 762 καὶ
2607 709 2858 778 χαραγὴν
2913 711 3278 780 ἀποφὲροντα.
3337 708 3444 766 Ubi

1878 796 2165 849 notandum
2213 800 2352 865 quod
2398 800 2620 866 ποιότης
2667 810 2716 854 et
2749 801 2967 871 χαραγὴ
3014 802 3438 871 distinguuntur.

1875 884 2019 937 l‘aloi
2055 897 2100 937 et
2163 887 2208 939 le
2241 889 2355 940 coin
2387 891 2523 942 etin
2577 889 2874 943 Romanato
2934 892 3222 961 ποιότητος
3274 894 3442 947 Solius

1876 976 1934 1030 lit
1973 979 2208 1041 mentio,
2252 996 2354 1032 non
2410 983 2535 1035 item
2594 983 2702 1052 Iypi
2738 1001 2750 1036 :
2787 983 2923 1037 forte
2972 983 3259 1038 alfectasse
3309 985 3434 1036 Bai-

1875 1072 2128 1121 mundnm
2184 1070 2316 1124 solvi
2347 1071 2445 1124 sibi
2496 1071 2581 1124 tali
2610 1083 2818 1125 moneta
2849 1075 3157 1137 pensionem
3209 1091 3439 1129 annuam

1873 1161 2014 1227 quod
2072 1162 2171 1215 iste
2221 1162 2514 1227 imperator
2563 1163 2787 1219 Michael
2828 1161 3006 1220 Ducas
3053 1167 3226 1222 affinis
3276 1170 3444 1230 ipsius

1873 1249 2059 1304 fuisset
2089 1263 2145 1305 ut
2177 1254 2315 1307 libro
2350 1272 2364 1307 ι
2395 1256 2640 1309 traditur.
2671 1259 2832 1312 Porro
2865 1261 3088 1324 ποιότης
3123 1269 3174 1312 ct
3223 1262 3441 1331 χαραγὴ

1872 1341 2098 1396 diversa:
2127 1344 2578 1399 consideratiuuis
2605 1359 2759 1401 erant
2793 1360 2808 1414 ;
2845 1365 2966 1402 nam
3001 1347 3294 1418 imperator
3322 1355 3441 1416 qui-

1872 1430 2001 1486 libet
2033 1435 2256 1489 arbitrio
2291 1451 2390 1490 suo
2425 1449 2631 1490 certum
2662 1441 2883 1504 gradum
2921 1449 2974 1494 et
3022 1442 3238 1494 modum
3294 1446 3445 1511 puri-

1872 1525 1997 1578 tatis
2033 1528 2230 1579 nietalli
2267 1529 2664 1594 praescribebat.
2708 1530 2829 1583 llaec
2860 1541 2974 1584 erat
3003 1536 3244 1598 ποιότης,
3279 1549 3439 1602 quam

1869 1616 2109 1670 eamdem
2141 1633 2260 1672 esse
2294 1619 2392 1673 sub
2426 1621 2530 1673 alio
2558 1624 2899 1690 charagmate
2930 1623 3060 1676 nihil
3098 1633 3262 1678 vetat.

1940 1711 2268 1775 Μόλισκος.
2303 1711 2418 1764 Lib.
2451 1729 2524 1773 vi,
2574 1714 2784 1766 videtur
2829 1729 2948 1768 csse
2999 1729 3253 1783 angustus
3285 1725 3442 1770 teme

1872 1809 2079 1854 tractus
2108 1817 2274 1867 aquas
2304 1805 2548 1859 dividens
2599 1806 2769 1859 instar
2821 1810 3132 1875 crepidinis,
3188 1811 3440 1863 substru-

1870 1891 2047 1944 ctione
2079 1901 2129 1943 et
2179 1908 2370 1962 aggere
2426 1894 2640 1949 ﬁrmata
2691 1898 2879 1960 moles,
2932 1899 3230 1965 cuiusmodi
3279 1899 3436 1962 obiici

1871 1981 2074 2046 stagnis
2120 1999 2180 2034 ac
2212 1983 2518 2038 fluminibus
2572 1989 2766 2040 solcnt.
2817 1990 3039 2052 Gallice,
3082 2000 3435 2058 prznlerq-iam

1869 2073 2012 2137 quod
2069 2071 2313 2126 Latinam
2367 2077 2520 2129 molis
2559 2093 2745 2130 th‘t'm
2800 2081 3095 2132 retinemus
3168 2082 3437 2139 interdum

1870 2160 1920 2212 in
1958 2159 2040 2215 bis
2072 2165 2418 2232 appellandis,
2446 2167 2624 2231 dignes
2653 2169 2984 2232 frequentius
3017 2186 3288 2223 vocamus.
3327 2169 3436 2222 Ha-

1870 2251 1957 2304 bet
1982 2265 2157 2307 autem
2201 2255 2624 2326 ὑποκοριστικὴν
2660 2257 2884 2311 formam
2922 2261 3144 2314 verbum
3175 2261 3430 2325 μολίσκος

1871 2352 1931 2396 ut
1963 2359 1992 2396 e
2033 2343 2220 2398 Latino
2257 2347 2414 2399 moles
2452 2349 2517 2400 ab
2550 2349 2700 2401 Anna
2743 2351 2820 2401 vel
2856 2351 2923 2402 ab
2957 2350 3074 2417 ejus
3105 2351 3199 2403 τοινί
3235 2350 3436 2404 Graacis

1868 2432 2154 2485 formatum
2205 2435 2466 2489 videatur.
2521 2435 2681 2507 [Vide
2730 2439 2804 2490 Du
2869 2438 3128 2507 Caugiunt
3167 2443 3231 2492 ad
3265 2441 3434 2493 Anna:

1867 2539 1919 2592 p.
1950 2524 2095 2596 155.]

1935 2618 2400 2686 Μουλσούμανοι
2456 2620 2536 2673 vel
2573 2621 2749 2688 potius
2783 2625 3270 2691 Μουσούλμανοι.
3314 2621 3436 2678 Lib.

1866 2720 1917 2758 Iv
1946 2723 1958 2757 :
2005 2704 2318 2776 Ὀμολογῶν
2348 2710 2466 2778 ἅμα
2504 2715 2566 2764 ὲκ
2598 2713 2793 2764 πολλοῦ
2846 2713 2944 2783 τὴν
2977 2714 3288 2782 ἀναμεταξὺ
3324 2712 3436 2764 τῶν

1861 2797 2304 2865 Μου),σουμάνων
2353 2802 2586 2853 καὶτῶν
2650 2801 2936 2872 Ῥωμαίων
2985 2806 3206 2873 εἰρήνην
3240 2806 3436 2856 ὲπιιεο-

1861 2887 1977 2940 θεῖν
2027 2888 2346 2944 θεάσασθαι.
2418 2891 2773 2947 Musulmanni
2823 2895 3286 2948 Mnhammedauze
3336 2911 3430 2946 su-

1859 2981 2190 3046 perstitionis
2238 2983 2471 3038 cultores
2513 2986 2668 3052 primi
2700 2987 2870 3039 vocati
2921 2995 3082 3046 sunt.
3114 2987 3258 3054 quod
3309 3000 3432 3041 cum

1860 3070 2258 3126 Mohammedes
2288 3075 2477 3140 dogma
2512 3091 2666 3128 suum
2706 3086 2912 3128 armata
2940 3087 2992 3130 et
3023 3077 3251 3130 violenta
3279 3093 3433 3147 gras-

1861 3164 2070 3217 sationc
2106 3176 2445 3233 propagaret,
2481 3181 2571 3220 cos
2603 3183 2790 3219 mones
2833 3169 3158 3221 interficiens
3185 3171 3270 3234 qui
3303 3185 3426 3223 sus-

1859 3255 2037 3322 cipere
2066 3255 2193 3308 illttd
2226 3257 2445 3317 nollent,
2494 3258 2581 3324 qui
2612 3258 2972 3324 suspiciebant
3004 3245 3293 3344 I’JNDSDD,
3324 3259 3428 3312 huc

1859 3355 1942 3400 est
1985 3345 2181 3398 servati
2217 3355 2269 3398 et
2298 3346 2428 3398 salvi
2465 3347 2609 3408 tacti,
2641 3349 2835 3414 quippe
2868 3362 2897 3400 a
2950 3357 3124 3401 Inorle
3170 3349 3378 3400 liberati
3413 3389 3429 3406 .

1859 3433 2194 3490 dicebantur.
2234 3435 2309 3488 Et
2360 3437 2460 3489 hac
2503 3438 2710 3504 origine
2759 3438 2982 3490 invaluit
3036 3438 3086 3490 id
3140 3454 3330 3492 nomen
3367 3447 3432 3490 ad

1860 3527 2068 3582 Turcos
2115 3539 2166 3580 et
2216 3528 2516 3582 Saracenos
2547 3528 2937 3581 Multammedis
2985 3530 3217 3584 cultores
3271 3532 3428 3583 desi-

1856 3621 2120 3685 guandos;
2147 3621 2266 3686 quia
2301 3628 2477 3672 tamen
2514 3635 2573 3672 ea
2607 3635 2709 3670 non
2759 3620 2932 3686 gentis
2979 3621 3300 3688 appellatio,
3333 3625 3429 3674 St‘tl

1857 3711 2153 3781 θρησκείας
2189 3721 2291 3774 est,
2319 3711 2670 3763 Musulinanui
2723 3728 2826 3763 non
2875 3713 3131 3765 dicuntur
3180 3715 3280 3766 nisi
3331 3718 3421 3782 qui

1856 3804 2163 3856 circumcisi
2197 3813 2341 3865 sunt,
2381 3804 2424 3856 si
2473 3819 2649 3855 mares
2704 3804 2846 3866 sint,
2880 3805 2921 3856 si
2969 3815 3148 3856 autem
3206 3803 3420 3857 feininze

1858 3897 1957 3949 nisi
1998 3895 2381 3963 professionem
2417 3895 2880 3948 Mnbammedismi
2913 3896 3136 3948 solemni
3195 3895 3419 3949 formula

1857 3988 2101 4040 feCerint.
2148 3987 2496 4040 Transfcrunt
2540 3997 2715 4040 autem
2771 3988 3128 4056 signiﬁcatum
3187 3990 3419 4055 primum

1855 4077 2040 4130 Salutis
2072 4091 2338 4143 corporea:
2361 4086 2412 4129 et
2443 4077 2877 4146 prmsei-vationis
2909 4092 2934 4128 a
2975 4087 3146 4130 morte
3178 4079 3242 4129 ad
3274 4078 3425 4130 salu-

1855 4175 1957 4220 tem
1992 4184 2148 4236 quam
2181 4184 2209 4221 a
2243 4168 2617 4223 Muliaimncdc
2655 4170 2837 4221 miseri
2871 4181 3112 4235 sperant;
3147 4181 3197 4222 ιιι
3225 4169 3428 4239 Musul-

1854 4259 2032 4309 manni
2076 4259 2182 4310 sint
2209 4259 2400 4326 quibus
2439 4259 2871 4313 liliibammcdani
2913 4261 3150 4330 paradisi
3184 4259 3416 4314 felicitas

1849 4357 1999 4400 certo
2033 4349 2296 4414 promissa
2324 4359 2428 4402 est.

2589 4443 2678 4538 N.’

1918 4616 2229 4684 Ναζὶραὶοι.
2269 4617 2386 4674 Lib.
2420 4635 2506 4681 xv,
2543 4631 2662 4688 post.
2697 4623 2928 4676 modium
2964 4641 2975 4676 :
3026 4624 3144 4677 Ἑπῖ
3181 4623 3272 4676 τοῦ
3320 4623 3418 4689 βα·

1847 4709 2055 4763 σιλικοῦ
2088 4711 2266 4763 τοίνυν
2297 4714 2360 4780 τῇ
2397 4713 2515 4779 μετ’
2552 4714 2722 4783 αὐτὴν
2757 4716 3001 4784 καθῆστο
3032 4715 3246 4783 θρόνου.
3282 4717 3418 4768 Πολι

1844 4806 1926 4856 λοὶ
1985 4804 2040 4857 δὲ
2093 4804 2395 4867 τηνικαῦτα
2433 4807 2691 4876 παρῆσαν
2741 4809 2838 4870 τῆς
2873 4825 2947 4859 τε.
2978 4809 3285 4873 συγκλήτου
3323 4810 3419 4860 κτλ.

1843 4897 1944 4966 τῆς
1970 4887 2119 4965 legi;
2168 4894 2407 4960 συνόδου,
2445 4895 2535 4949 καὶ
2566 4898 2674 4950 τῶν
2699 4899 3013 4967 Ναζιραὶων
3057 4901 3237 4953 αὐτῶν
3277 4903 3408 4953 ὀπός

1846 5005 1929 5040 σοι
2006 4989 2164 5056 λόγου
2224 4992 2469 5059 μετεῖχον
2502 4989 2744 5056 λογάδες.
2788 4989 3076 5059 lteligiosm
3119 4992 3247 5044 vitre
3288 5007 3415 5058 pra-

1845 5082 2075 5136 fessores
2125 5081 2324 5133 Grmcis
2377 5081 2704 5134 Christianis
2752 5083 2875 5135 dicit
2935 5090 3061 5135 sum
3114 5083 3405 5149 Νιζιραῖοι

1845 5173 2106 5226 translato
2141 5187 2170 5223 a
2216 5170 2488 5225 Nazaraiis
2533 5173 2806 5226 veteribus
2859 5175 3096 5228 nomine.
3151 5175 3207 5226 S.
3266 5173 3415 5225 Nilus

1841 5264 1995 5332 Cujus
2019 5262 2273 5331 epistolas
2301 5263 2532 5315 nondum
2564 5265 2736 5317 editas
2760 5265 3122 5317 describebant
3157 5281 3322 5332 nuper
3345 5282 3412 5318 cx

1840 5357 2040 5421 optimo
2072 5355 2258 5407 codice
2292 5354 2628 5407 bibliotliecic
2672 5348 2954 5415 Medicam.
2984 5357 3207 5424 cpistola
3259 5357 3355 5410 145
3393 5376 3408 5410 :

1841 5441 1996 5501 Οὗτοι
2035 5447 2233 5502 πάντες
2260 5445 2360 5498 κᾶν
2390 5463 2447 5497 τε
2499 5445 2753 5514 κληρικοὶ
2779 5447 2879 5498 κᾶν
2911 5463 2969 5498 τε
3007 5445 3273 5514 βιωτικοὶ,
3308 5449 3410 5500 κᾶν

1837 5557 1895 5591 τε
1926 5529 2209 5602 Ναζιραῖοι
2236 5538 2325 5588 καὶ
2360 5537 2794 5605 ἀποτεταγμένοι
2837 5537 3149 5605 ὑπάρχωσι,
3178 5547 3284 5588 Nc.

1909 5630 2318 5698 Νουμίσματα.
2352 5627 2469 5681 Lib.
2503 5644 2586 5690 ιιι,
2628 5641 2745 5696 post
2780 5630 3015 5684 medimn
3069 5633 3118 5682 in
3167 5626 3402 5695 Epistola

1837 5720 2005 5775 Alt-xii
2035 5723 2100 5773 aal
2133 5719 2440 5780 Henricum,
2485 5721 2710 5774 nummi,

1907 5811 2332 5878 Νωὸελίσιμος.
2367 5809 2482 5866 Lib.
2518 5819 2635 5872 xtu,
2671 5811 2768 5863 sub
2795 5811 3020 5863 medium
3049 5823 3064 5876 ;
3096 5810 3277 5864 titulus
3318 5813 3404 5862 dia

1838 5901 2058 5974 guitatis
2091 5903 2140 5958 in
2165 5903 2282 5958 aula
2309 5903 2388 5958 vel
2413 5904 2590 5972 potius
2620 5905 2886 5976 republica
2917 5903 3224 5976 Byzantina:
3252 5903 3392 5960 Gneo
