3960 6584
579 553 708 620 1231

577 668 696 726 cite,
724 676 786 714 ex
824 655 1014 711 Latino
1047 648 1362 705 nobilissimi
1397 647 1558 699 verbo
1594 644 1645 697 in
1675 642 1918 697 Grazcnm
1953 655 2140 693 sonum

583 753 831 808 innexos.

1333 868 1394 888 σέο

653 956 1083 1012 Ξυλοκλασίαι.
1122 952 1238 1004 Lib.
1273 965 1391 1009 xm,
1426 947 1524 1002 sub
1559 942 1793 997 medium
1829 955 1842 991 :
1878 935 2061 990 Πᾶσάν
2098 949 2155 983 τε

587 1052 826 1119 ἄτροπον
874 1046 962 1098 διὰ
1001 1045 1109 1096 τῶν
1181 1036 1532 1107 καλουμένων
1581 1030 1953 1100 ξυλοκλασιῶν
1974 1023 2157 1089 famis;

589 1143 702 1201 τοῖς
761 1138 985 1198 Κελτοῖς
1031 1133 1468 1200 ἀπετάφρευσεν.
1525 1126 1624 1179 Διὰ
1659 1125 2015 1178 instrumento
2048 1131 2161 1168 ser—

599 1233 706 1295 vit;
741 1239 800 1282 ιιι
834 1226 962 1282 velit
1001 1224 1222 1280 semitas
1254 1217 1634 1285 ξυ).οκλασίαις
1685 1213 1884 1265 clusas.
1916 1207 2158 1259 Alterum

594 1325 824 1375 duorum
851 1331 980 1386 ergo
1007 1324 1088 1370 est
1119 1313 1445 1379 ξυλοκλασία
1491 1326 1504 1360 :
1542 1304 1623 1357 vel
1650 1301 1888 1371 aggestio
1934 1305 2164 1350 temera-

599 1414 676 1466 ria
703 1425 853 1465 caesa:
882 1409 1049 1473 silvae,
1083 1405 1324 1475 (Tacitus
1354 1399 1633 1456 conctedes
1669 1391 1890 1459 diceret)
1926 1388 2006 1442 vel
2036 1401 2166 1440 can-

600 1501 834 1554 cellatim
875 1497 1100 1565 objectae
1142 1502 1318 1548 crates
1353 1509 1365 1544 :
1405 1499 1697 1553 utrumque
1729 1493 1910 1552 aptum
1941 1479 2006 1531 ad
2038 1491 2161 1528 seo-

603 1590 822 1642 lt‘lllidlll
867 1587 989 1641 loci.

1351 1674 1413 1728 0.

685 1789 738 1842 '0
760 1789 859 1843 ἐπὶ
937 1784 1246 1854 τραπέζης.
1300 1781 1421 1836 Lib.
1471 1793 1584 1841 xm,
1627 1789 1745 1843 pag.
1777 1771 1880 1826 577
1934 1780 1989 1823 et
2033 1765 2164 1819 37S.

605 1878 775 1934 Olﬁcii
811 1893 1005 1940 nomen
1035 1885 1124 1928 aut
1157 1869 1440 1926 ministerii
1471 1909 1485 1933 ,
1515 1877 1572 1920 ut
1601 1873 1845 1935 apparet,
1881 1861 1933 1915 in
1968 1858 2171 1912 l‘atuilia

608 1972 972 2040 imperatoris.
999 1967 1222 2022 Videtur
1259 1974 1437 2017 autem
1468 1975 1570 2014 non
1601 1974 1733 2028 pttre
1764 1958 2056 2009 humanum
2085 1961 2174 2001 aut

609 2065 884 2133 politicum
914 2062 1082 2116 fuisse
1116 2059 1166 2112 id
1207 2070 1423 2119 munus,
1453 2053 1545 2107 sed
1601 2051 1945 2117 religiosum;
1979 2043 2176 2110 quippe

609 2171 715 2226 quo
740 2153 1055 2219 fungeretur
1083 2148 1381 2201 monachus
1403 2143 1468 2196 ad
1499 2139 1838 2209 Itymuodiam
1859 2144 2174 2187 noetnruam

607 2246 764 2302 slatis
788 2243 940 2298 horis
962 2241 1256 2295 excubans.
1292 2235 1451 2288 Forte
1479 2231 1636 2298 hujus
1661 2237 1778 2282 erat
1811 2227 1942 2279 bene
1969 2220 2176 2292 precari

611 2352 774 2406 super
825 2350 1066 2390 mensam
1102 2332 1235 2386 cibis
1277 2327 1487 2394 positis,
1534 2333 1586 2378 et
1636 2321 1972 2389 postmodum
2027 2328 2181 2365 corna

615 2441 828 2499 peracta
861 2429 1052 2497 prazire
1089 2425 1328 2478 solemne
1359 2433 1577 2474 carmen
1610 2415 1902 2484 gratiarum
1931 2407 2179 2460 actionis.

616 2521 893 2576 Videndus
918 2518 1298 2584 Curopalatcs.

695 2611 1032 2679 Οὶηματίας.
1070 2606 1186 2659 Lib.
1214 2619 1327 2657 χιιι.
1364 2601 1556 2656 Suidas
1586 2594 1901 2664 οῐηματίας,
1932 2588 2183 2657 ἐπηρμέ-

620 2723 730 2768 νος.
783 2701 1080 2768 Superbus,
1119 2695 1420 2767 przcﬁdens,
1464 2690 1544 2745 sui
1589 2687 1846 2755 opinione
1879 2681 2112 2735 tumidus
2139 2689 2190 2730 ct

622 2815 732 2870 prae
763 2812 819 2851 se
850 2796 984 2848 alios
1012 2804 1295 2860 spernens.

692 2885 1027 2957 Ὀρυκτιδες
1069 2881 1346 2950 χελῶναι.
1395 2877 1516 2932 Lib.
1571 2889 1687 2934 XIII,
1743 2879 1867 2924 ante
1916 2865 2147 2918 medium
2176 2900 2190 2922 ,

624 2981 922 3037 testudines
963 2984 1056 3028 aut
1097 2973 1261 3041 plutei
1298 2969 1541 3040 tegendis
1595 2966 1657 3018 iis
1698 2962 1786 3031 qui
1822 2973 2002 3012 muros
2033 2953 2194 3007 sulla-

627 3073 800 3133 diuttt,
837 3077 929 3122 aut
951 3066 1333 3120 subterraneos
1357 3069 1563 3112 meatus
1596 3064 1732 3108 terra
1772 3047 2038 3103 molienda
2070 3059 2195 3110 ege-

627 3160 900 3228 rendaque
931 3162 1210 3211 excavaut.

701 3223 1020 3312 Οὺέτωνες.
1083 3245 1200 3298 Lib.
1261 3256 1369 3306 xtv,
1421 3255 1544 3308 pag.
1596 3234 1723 3290 570.
1767 3231 1880 3284 Non
1929 3229 2110 3293 utique
2147 3223 2200 3278 hi

631 3351 756 3398 sunt
784 3341 1021 3394 Vetones
1051 3349 1190 3405 quos
1244 3343 1454 3386 veteres
1516 3325 1806 3396 geographi
1849 3323 1899 3375 in
1939 3317 2194 3386 llispania

634 3435 924 3491 collocant.
965 3430 1038 3484 De
1074 3428 1270 3496 quibus
1306 3423 1515 3478 erudite
1544 3433 1694 3473 more
1739 3430 1836 3469 suo
1869 3413 2032 3465 multa
2090 3407 2202 3460 col-

637 3529 755 3596 ligit
800 3524 1044 3577 Andreas
1073 3517 1408 3579 Resendius;
1445 3511 1726 3566 manifeste
1783 3504 2049 3574 siquidem
2105 3501 2203 3551 hoc

637 3621 854 3677 nomine
886 3618 1038 3669 Anna
1071 3611 1238 3666 ltalici
1271 3608 1482 3680 generis
1513 3614 1723 3673 gentem
1780 3610 1950 3660 notat,
1996 3596 2047 3648 in
2098 3607 2206 3662 quo

637 3731 704 3769 an
738 3727 841 3766 non
892 3704 1226 3777 μνημονικὸν
1268 3701 1386 3768 ejus
1434 3697 1656 3766 σφάλμα
1711 3687 2105 3762 agnoscendum
2139 3684 2210 3736 sit

639 3805 778 3858 ltaud
804 3813 1006 3857 temere
1037 3795 1363 3851 deftnierim.
1430 3791 1596 3843 Libro
1623 3783 1889 3855 superiori
1921 3783 1972 3834 in
2005 3777 2208 3832 descri-

640 3897 822 3966 ptione
855 3888 1114 3944 Adriatici
1143 3888 1291 3940 sinus
1313 3883 1603 3935 Εὑετώνων
1637 3878 1800 3931 verbo
1843 3875 2051 3926 videtur
2071 3867 2211 3920 desi-

644 4001 838 4058 gnasse
866 3983 1123 4037 Venetos.
1157 3979 1420 4044 Quoniam
1473 3987 1600 4026 vero
1670 3981 1944 4034 nunquam
2002 3959 2213 4023 Veneti,

645 4077 786 4145 quod
830 4077 982 4127 Anna
1032 4067 1360 4129 meminerit,
1415 4074 1603 4118 contra
1661 4060 2040 4126 imperatorem
2094 4050 2216 4102 Ale-

650 4171 798 4223 xittm
847 4166 1049 4220 classes
1096 4167 1395 4222 armarunt,
1433 4156 1642 4209 videtur
1695 4152 1796 4204 hoc
1846 4150 1962 4202 loco
2005 4143 2220 4197 Οὺετώ-

650 4279 754 4314 νων
787 4260 949 4314 verbo
981 4257 1161 4320 Italos,
1201 4262 1291 4306 aut
1324 4253 1486 4305 etiam
1509 4243 1883 4302 Occidentales
1912 4250 1965 4294 ct
1993 4238 2220 4292 Latinos

653 4369 841 4408 omnes
873 4348 1165 4403 universim
1227 4342 1576 4406 intellexisse,
1607 4338 1712 4391 nisi
1771 4333 2011 4405 pressius
2069 4328 2222 4382 haesit

656 4450 712 4502 in
742 4445 971 4507 Pisanis,
1001 4436 1399 4499 Genuensibus,
1435 4444 1488 4487 et
1516 4431 1780 4490 Calabris,
1801 4441 2026 4496 quorum
2061 4436 2224 4475 nava-

654 4542 732 4593 les
763 4541 814 4590 in
848 4542 1052 4603 patrem
1081 4546 1235 4584 suum
1266 4525 1642 4594 expeditiones
1681 4517 1991 4587 descripsit.
2022 4513 2223 4568 Verum

657 4633 723 4686 de
751 4629 833 4683 his
865 4639 1084 4695 agemus
1111 4621 1319 4690 plenius
1351 4619 1401 4671 in
1438 4616 1594 4670 uotis.

1424 4731 1489 4781 Il.

735 4859 1080 4926 Πάτροκλος
1129 4851 1448 4920 πρόφασις.
1509 4845 1663 4913 Saepe
1711 4841 1889 4902 Anna,
1931 4832 2230 4905 pt‘azscrtim

663 4955 757 5010 lib.
789 4925 938 5006 Illiel
967 4949 1063 5002 lib.
1099 4962 1154 5012 κ,
1184 4945 1290 4998 isto
1319 4937 1568 5010 loquendi
1607 4932 1765 4987 modo
1791 4927 2048 4997 exprimit
2085 4925 2234 4994 piati-

663 5046 876 5106 sibilem
899 5048 1247 5112 praetextum.
1280 5030 1641 5088 Proverbialis
1674 5025 1876 5081 locutio
1901 5038 1966 5077 ex
1999 5020 2234 5072 llomcro

667 5139 821 5193 Iliad.
856 5132 900 5187 τ’
930 5151 944 5186 :

674 5254 768 5314 Ὣς
796 5250 967 5317 ἔφατο
993 5243 1259 5302 κλαίουσ’,
1292 5239 1384 5292 ἐπὶ
1422 5240 1478 5317 ῥὲ
1511 5236 1830 5317 ςτενᾴχρντο
1851 5231 2115 5317 ,ζυγξῖκξς

673 5298 982 5388 Πέτρδκὶον
1008 5298 1298 5383 πρόφασιν,
1339 5309 1488 5378 σφῶν
1521 5307 1562 5361 δ’
1595 5298 1771 5358 αὐτῶν
1802 5298 1951 5371 κήδε’
1984 5299 2209 5363 ἑκάστη.

675 5413 755 5465 Ad
784 5385 944 5479 quem
992 5407 1166 5460 locum
1241 5404 1322 5456 sic
1381 5401 1602 5454 adnotat
1660 5393 1976 5448 Eustathius
2019 5403 2032 5445 :
2080 5386 2151 5438 Τὸ
2185 5385 2240 5437 δὲ

684 5503 990 5570 Πάτροκλον
1045 5501 1316 5568 πρόφασιν
1369 5494 1464 5547 καὶ
1525 5495 1604 5555 εἰς
1657 5486 1954 5558 παροιμίαν
2016 5481 2243 5549 ὕστερον

678 5595 866 5655 ἔπεσε,
893 5593 958 5645 δι’
998 5592 1064 5662 ἢν
1104 5592 1216 5660 ἔχει
1249 5588 1521 5660 εὔρυθμον
1554 5582 1847 5652 συντομίαν
1893 5577 1983 5629 καὶ
2021 5571 2245 5625 πιθανό-

677 5703 821 5755 τητα
853 5701 866 5715 ·
910 5685 1004 5737 καὶ
1052 5685 1271 5752 λέγεται
1319 5682 1412 5734 ἐπὶ
1461 5679 1568 5731 τῶν
1621 5674 2106 5746 προσποιουμένων
2145 5671 2244 5740 μὲν

681 5779 861 5831 ποιεῖν
890 5792 944 5828 τι
975 5775 1062 5827 διὰ
1100 5774 1254 5844 τήνδε
1302 5772 1422 5824 τινὰ
1451 5771 1653 5831 αἰτίαν,
1697 5767 1774 5836 τῷ
1813 5766 1926 5818 ὄντι
1982 5765 2038 5817 δὲ
2073 5763 2244 5826 ἄλλως

679 5867 840 5921 τοῦτο
869 5867 1182 5920 ποιούντων.
1222 5865 1356 5918 Vide
1390 5873 1648 5933 praeterea
1679 5868 1834 5913 notas
1862 5857 2156 5912 llwschelii
2197 5865 2243 5907 el

685 5961 1005 6031 glossariuttt
1061 5957 1303 6012 Meut'sii.

1723 531 2216 596 GLOD'SARIUM
2249 524 2618 586 ANNrEUM.

3686 506 3800 569 ῙΞἩ

2331 629 2772 698 Πελιιγολίμην.
2808 625 2938 693 Pag.
2974 623 3094 676 l06.
3134 619 3295 685 Quasi
3339 617 3550 671 diceres
3585 633 3598 668 :
3632 614 3802 672 Portus

2260 726 2308 777 in
2348 722 2525 776 medio
2550 719 2704 772 mari.
2742 714 3040 770 Peculiaris
3093 715 3205 765 haec
3261 710 3509 780 quaedam
3561 705 3804 760 industria

2258 823 2374 867 erat
2404 812 2608 865 classes
2638 817 2874 861 armatas
2927 803 3217 858 tnnltarum
3255 799 3474 854 navium
3534 812 3632 864 per
3678 804 3809 850 vasta

2259 906 2431 960 maria
2492 900 2850 962 ductantinm,
2905 908 2962 951 ut
3013 896 3147 949 locis
3205 891 3556 961 importuosis
3615 898 3811 957 portum

2259 994 2545 1065 quemdam
2578 989 2642 1044 ad
2677 1005 2831 1044 usum
2871 1002 3062 1056 pugnae
3090 995 3182 1038 aut
3206 983 3579 1037 cxscensiouis
3622 982 3674 1034 in
3726 982 3817 1034 ali-

2261 1100 2423 1154 quem
2480 1083 2654 1135 locum
2716 1079 3025 1148 improvisae
3083 1076 3349 1130 facerent.
3404 1074 3462 1128 1d
3511 1073 3645 1136 Leo,
3680 1070 3815 1125 Tact.

2263 1179 2448 1229 Const.
2483 1174 2572 1236 20.
2599 1173 2796 1227 citatus
2828 1186 2855 1222 a
2887 1168 3113 1222 Μίδαι-εἰσ
3165 1165 3418 1220 ναυτικοῦ
3451 1167 3639 1218 στόλου
3674 1181 3816 1233 στρα-

2263 1271 2489 1336 τήγημα
2541 1274 2720 1319 vocat.
2773 1261 2876 1317 Ubi
2927 1270 2982 1314 et
3026 1274 3137 1313 rem
3174 1260 3345 1324 ipsam
3393 1255 3511 1310 fuse
3555 1255 3815 1309 describit.

2266 1360 2374 1414 Nos
2400 1359 2515 1424 ejus
2552 1358 2713 1411 verba
2751 1370 2871 1408 cum
2905 1355 3072 1406 Annae
3109 1359 3309 1404 nostra:
3345 1349 3528 1403 verbis
3554 1348 3817 1418 diligenter

2269 1452 2612 1506 conferemus
2645 1449 2698 1501 in
2735 1445 2891 1500 Notis
2924 1458 2974 1499 ct
3010 1451 3265 1498 accurate
3295 1442 3407 1496 Deo
3465 1440 3628 1495 dante
3676 1440 3816 1509 quid-

2271 1544 2397 1615 quid
2431 1545 2482 1598 id
2513 1552 2594 1596 est
2635 1540 3060 1596 declarahimus.

2345 1637 2698 1701 Πελδγρῖνος
2730 1649 2759 1685 v
2779 1633 2808 1684 ξι
2840 1633 3190 1698 Περεγρῖνος.
3218 1625 3710 1694 l’eregrinationem
3743 1637 3815 1676 re-

2277 1729 2526 1796 ligiosam
2563 1723 2863 1792 suscipiens
2895 1723 2956 1775 ad
2979 1720 3182 1775 Christi
3213 1719 3548 1786 sepulcrum.

2352 1818 2698 1886 Πιγκέρνης.
2731 1815 3020 1868 Pincerna.
3073 1811 3210 1865 Vide
3239 1809 3538 1863 Meursium
3570 1815 3623 1861 et
3671 1805 3820 1860 Corn-

2280 1911 2530 1977 palalcut.

2353 2000 2732 2069 Πραίτώριον.
2785 1999 2900 2054 Lih.
2946 2013 3037 2050 Xltt
3075 2014 3086 2048 :
3147 1995 3404 2063 Ἀντικρὺ
3450 1993 3550 2060 τῆς
3591 1991 3824 2060 δουκικῆς

2282 2093 2546 2160 καθέδρας
2578 2093 2711 2160 ὅπερ
2743 2088 3083 2158 Πραιτὼριον
3122 2087 3570 2156 προσωνόμαστο.

2357 2180 2699 2248 [Tremo-:67.
2766 2179 3067 2233 Provincia.
3123 2177 3212 2230 S‘c
3259 2175 3475 2244 praprie
3532 2173 3669 2228 dicta
3717 2187 3831 2240 pars

2292 2276 2498 2335 ϐιΗῐέιξ,
2554 2273 2842 2324 comitatus
2902 2269 3128 2321 celebris
3175 2268 3330 2334 cujus
3380 2277 3564 2319 comes
3593 2262 3654 2316 ab
3683 2263 3827 2315 Anna

2288 2379 2508 2419 voratur
2545 2369 2735 2434 Κιεμης
2767 2363 3133 2431 Πρεϐἐντζης,
3177 2377 3295 2429 pag.
3325 2359 3451 2413 9.89.

2364 2457 2716 2524 ΙΙίΐιίλμητίι
2751 2455 2858 2506 τῶν
2895 2453 3146 2515 πεδῖὶων,
3184 2451 3274 2503 lib.
3309 2465 3359 2514 v,
3427 2448 3564 2500 ultra
3599 2444 3832 2505 medium.

2289 2568 2405 2614 qliii.‘
2434 2562 2694 2599 excussos
2733 2546 2884 2612 cquis
2921 2543 3104 2596 Gallos
3135 2559 3160 2593 a
3191 2549 3334 2592 statu
3363 2547 3418 2590 et
3450 2538 3658 2590 incessu
3681 2535 3838 2600 impe-

2291 2645 2437 2692 diant
2468 2657 2481 2692 :
2520 2640 2644 2706 quid
2677 2639 2783 2690 sint
2813 2650 3018 2703 quaero,
3053 2629 3409 2684 calcariane?
3442 2643 3509 2680 an
3555 2626 3656 2678 alia
3689 2639 3840 2692 eque-

2295 2732 2420 2784 stris
2451 2740 2736 2782 armatttrre
2792 2740 2917 2795 pars
2986 2724 3094 2776 illis
3150 2721 3484 2789 temporibus
3519 2717 3840 2780 ttsitata;an

2295 2822 2492 2890 aliquid
2523 2820 2792 2874 hodierna:
2817 2831 3028 2886 quoque
3059 2809 3512 2868 consuetiulinis?

2366 2912 2716 2977 Πρόσωπον.
2753 2908 2951 2959 Praeter
2983 2905 3256 2957 notionem
3295 2899 3566 2967 vulgatam
3595 2898 3722 2951 artis
3765 2911 3848 2948 voc

2299 3004 2547 3058 cabnlnm
2581 3012 2658 3054 est
2697 3001 2748 3052 in
2781 2998 3032 3052 civilibus
3077 2993 3532 3047 conventionibus
3587 3004 3739 3044 usum
3766 2988 3851 3041 ba-

2301 3095 2452 3156 beus,
2491 3103 2548 3146 ut
2583 3094 2632 3145 in
2671 3088 3058 3160 paciﬁcationis
3107 3087 3477 3140 lnstrumeuto
3515 3080 3853 3135 Alexiumino

2304 3198 2387 3241 tcr
2413 3196 2465 3240 et
2497 3183 2854 3237 Baimundum
2897 3189 3175 3233 transacto
3206 3178 3388 3231 videre
3422 3184 3526 3237 est,
3553 3174 3649 3227 lib.
3673 3186 3790 3225 xm.

2372 3275 2709 3342 Πολλαχός.
2748 3273 2864 3326 Lib.
2901 3288 2989 3334 xv,
3022 3269 3326 3339 oppositum
3378 3263 3602 3334 μοναχῷ
3651 3260 3856 3332 plurifa-

2307 3370 2444 3424 rinm
2479 3367 2743 3422 solitario.

2380 3462 2602 3527 Ilo’prn.
2641 3461 2823 3512 l‘orta.
2857 3455 2990 3508 Vide
3029 3453 3340 3506 Mettt'sium.

3054 3547 3128 3597 P.

2391 3641 2789 3696 'Peé’erwxdr.
2855 3638 2972 3692 Lib.
3042 3652 3094 3696 ν,
3171 3632 3483 3706 ρεὅεννικδν
3553 3625 3862 3698 περικόιῖιας.

2321 3735 2539 3788 Videtur
2587 3732 2895 3803 ρεὁεννικὸν
2942 3744 3062 3784 esse
3089 3727 3230 3795 quod
3272 3724 3479 3778 Gallice
3516 3721 3746 3776 dicimus
3794 3733 3868 3768 ra-

2317 3829 2474 3889 vrlin,
2503 3827 2740 3878 barriére
2775 3834 2869 3877 aut
2900 3821 3030 3891 quid
3061 3820 3259 3874 simile.

2395 3920 2624 3985 Ῥητός.
2664 3918 2778 3970 Lib.
2821 3933 2875 3978 ιι,
2907 3917 3050 3967 circa
3093 3912 3325 3965 medium
3380 3906 3535 3979 ῥητοὶ
3574 3903 3680 3973 γὰρ
3722 3897 3874 3970 ἦσαν.

2317 4015 2397 4066 Αιι
2431 4011 2592 4080 ante;
2625 4009 2844 4063 notione
2871 4007 3092 4059 barbara
3129 4019 3227 4068 pro
3253 4016 3408 4054 rarus
3440 3998 3670 4066 positum
3693 3993 3826 4054 ἳξΑιι
3851 4005 3872 4038 :i

2319 4104 2518 4159 Graeca:
2548 4101 2771 4170 originis
2822 4098 3152 4167 proprietate
3185 4110 3290 4148 non
3347 4084 3688 4145 discessum?
3748 4090 3879 4136 certe

2325 4198 2460 4249 ratio
2481 4195 2761 4249 sententiae
2785 4190 2948 4259 exigit
2974 4200 3029 4242 ut
3059 4185 3219 4240 isthic
3247 4183 3403 4254 ῥητοὶ
3434 4179 3596 4251 pauci
3617 4179 3879 4231 dicantur.

2322 4287 2418 4341 Est
2443 4301 2504 4339 ea
2559 4283 2743 4338 Graeca
2805 4296 2906 4335 vox
2953 4297 2980 4333 a
3026 4277 3234 4331 dicendi
3299 4273 3488 4328 verbo.
3532 4267 3725 4337 Ῥητοὶ
3773 4277 3884 4332 ergo

2326 4380 2484 4440 forte,
2515 4392 2648 4444 quos
2683 4374 2838 4427 facile
2872 4371 2992 4440 quis
3041 4369 3267 4423 dicendo
3323 4376 3378 4420 et
3421 4359 3764 4418 numerando
3788 4369 3887 4425 per-

2327 4466 2853 4536 censuerit;quippe
2897 4478 3002 4516 non
3057 4460 3279 4517 multos.
3323 4457 3417 4510 sed
3479 4461 3631 4508 certo
3683 4462 3785 4503 nec
3835 4458 3886 4497 eo

2332 4578 2523 4632 magno
2551 4559 2974 4626 comprehensos
3013 4564 3263 4605 numero.

2410 4629 2747 4729 'i’cira._Lili.
2785 4665 2862 4706 Ill,
2899 4656 3014 4714 post
3045 4644 3276 4696 tnctlittnt
3311 4657 3325 4693 :
3377 4637 3537 4706 Ῥόγα
3573 4637 3692 4688 τῶν
3731 4629 3893 4686 δοθέν-

2333 4763 2438 4800 των
2493 4725 2667 4798 εἴκοςι
2734 4737 3088 4806 ἀξιωμάτων.
3147 4732 3488 4801 Stipendium
3553 4725 3895 4793 dignitatibus

2337 4839 2571 4893 dcbilttttt
2601 4830 2986 4902 ἀξιωματικὸν
3019 4830 3244 4881 dictum.
3282 4825 3416 4878 Vide
3446 4820 3779 4875 Meursium.

2417 4927 2750 4997 Ῥομφαῖαι.
2784 4924 2900 4979 Lib.
2930 4939 2964 4976 I.
3011 4921 3187 4975 Gladii
3219 4915 3441 4986 quidam
3476 4914 3627 4967 circa
3688 4911 3901 4977 impera-

2341 5035 2511 5079 torem
2552 5021 2749 5096 gestari
2817 5033 2846 5072 ιι
2897 5016 3061 5070 certis
3107 5012 3224 5080 ejus
3275 5006 3637 5076 stipatoribus
3666 5001 3835 5062 soliti,
3858 5007 3901 5049 ut

2341 5119 2463 5172 olim
2504 5131 2531 5168 a
2574 5093 2855 5167 lictoribus
2905 5108 3080 5160 fasces
3133 5115 3187 5158 et
3220 5115 3440 5157 secures
3482 5107 3616 5150 ante
3651 5092 3900 5149 consules.

2422 5202 2823 5278 Ῥωμανάτον.
2882 5198 3000 5251 Lih.
3045 5213 3126 5260 ιιι,
3173 5209 3298 5263 pag.
3343 5191 3412 5245 9i
3462 5205 3477 5241 ι
3531 5184 3897 5257 Εἱργασμένα

2347 5301 2604 5373 ἀργυρίου
2640 5297 2733 5351 καὶ
2771 5291 3125 5361 Ῥωμανάτου
3155 5284 3394 5345 παλαιᾶς
3439 5281 3770 5347 ποιότητος.
3824 5274 3900 5324 Ve-

2350 5393 2571 5448 risimile
2626 5389 2859 5441 arbitror
2924 5381 3153 5436 indicari
3201 5379 3304 5432 hoc
3339 5374 3503 5428 verbo
3558 5379 3790 5425 certum
3817 5379 3902 5418 nte-

2349 5495 2482 5540 neta:
2536 5495 2704 5551 genus
2757 5491 2942 5530 cusum
2989 5473 3165 5541 jussu,
3218 5477 3314 5521 aut
3351 5467 3700 5532 impressum
3769 5458 3906 5523 elt'igie

2350 5549 2572 5630 Romani
2627 5569 2873 5639 Diogenis
2910 5563 3156 5635 Augusti.
3196 5559 3327 5615 Vide
3354 5555 3616 5627 superius
3649 5555 3813 5609 verbo
3832 5549 3908 5604 3!:-

2350 5667 2636 5740 χατ,λάτο;.

3099 5748 3228 5819 2.,

2423 5846 2768 5913 Σαταναι-ἱλ.
2831 5843 2949 5897 Lib.
3008 5858 3098 5909 xv,
3159 5848 3281 5915 post
3325 5834 3603 5902 medium,
3662 5847 3789 5903 pag.
3817 5825 3908 5884 $89.

2361 5943 2612 6007 Satanas,
2647 5936 2918 5993 Diabolus.
