3960 6580
150 313 284 380 19.33

217 425 496 494 Σέκρετα.
528 424 643 485 Etsi
670 442 774 484 vox
800 427 998 484 Latina
1047 437 1152 494 est,
1199 438 1377 486 tamen
1433 443 1627 483 novam
1662 436 1716 480 et

147 518 422 574 veteribus
455 519 598 574 haud
630 528 814 575 notam
845 503 1051 590 accepit
1089 537 1117 575 a
1145 522 1350 577 Graicis
1400 521 1720 574 recentiori-

149 611 254 666 bus
285 611 582 665 notionem.
630 610 910 681 Signiﬁcat
940 614 1109 679 enim,
1143 613 1195 667 ni
1229 613 1406 678 fallor,
1433 611 1715 672 tabularia,

151 701 265 758 sive
296 717 418 770 qua:
463 701 703 756 archivia
740 703 900 771 vulgo
929 702 1202 767 dicimus;
1243 702 1442 756 scrinia
1481 709 1536 753 et
1570 700 1718 753 locu-

151 793 234 846 los
263 791 470 847 chartis
498 793 832 846 authenticis
887 801 1001 847 tuto
1051 793 1424 848 custodiendis
1477 801 1717 861 paratos.

153 883 288 936 Tum
323 885 484 936 etiam
544 899 833 940 consessus
887 885 1147 939 lectorum
1199 886 1472 939 hominum
1527 885 1722 951 quibus

154 975 394 1042 cognitio
425 975 490 1030 de
525 977 686 1030 rebus
736 991 802 1030 eo
849 977 1200 1031 attinentibus
1253 975 1576 1030 demandata
1618 984 1720 1029 est.

154 1062 230 1118 Ita
261 1075 579 1130 usurpatur,
617 1067 662 1120 si
696 1074 841 1121 recte
872 1076 1113 1131 autumo,
1151 1067 1245 1120 lib.
1286 1082 1370 1131 ιιι,
1399 1082 1523 1135 pag.
1562 1066 1647 1120 84.

226 1157 597 1224 Σερτέντιος.
661 1157 782 1212 Lib.
834 1173 955 1221 ιιιιι,
1004 1170 1256 1227 sergent;
1305 1172 1406 1212 vox
1459 1157 1660 1211 Gallica
1699 1170 1728 1208 e

158 1249 350 1304 Latino
375 1251 622 1309 serviens.
656 1257 710 1302 ut
738 1249 955 1318 quidam
979 1250 1191 1316 volunt,
1239 1265 1360 1305 cum
1389 1250 1456 1302 ali
1492 1264 1520 1302 a
1554 1249 1729 1303 Cresa-

159 1341 332 1395 rianis
362 1341 651 1396 deducant.

229 1433 559 1501 Σέρμωινες.
588 1432 792 1503 Navigii
826 1448 1016 1502 genus,
1044 1433 1137 1486 lib.
1179 1448 1262 1498 ιιι,
1289 1433 1429 1486 infra
1459 1431 1727 1495 medium;

159 1525 299 1578 forte
336 1539 362 1577 a
398 1524 563 1593 σείρω
593 1524 766 1590 traho,
798 1526 941 1593 quod
970 1526 1218 1578 remulco
1243 1525 1549 1577 trahantur.

228 1615 468 1680 Σιάους.
505 1615 622 1670 Lib.
661 1629 734 1678 Vl,
793 1629 914 1682 pag.
967 1615 1094 1678 170,
1146 1615 1372 1668 nuntius
1398 1614 1483 1668 vel
1516 1614 1724 1680 legatus

159 1705 428 1762 Sultanis.
453 1705 573 1759 Vox
604 1707 828 1759 Turcica
861 1706 1125 1774 hodieque
1190 1706 1408 1761 usitata.
1457 1705 1546 1758 Sic
1590 1704 1732 1757 enim

159 1801 363 1865 passim
389 1797 548 1866 legati
577 1809 841 1852 vocantur
865 1812 1000 1868 quos
1020 1799 1322 1853 Turcorum
1345 1799 1638 1868 imperator
1670 1796 1737 1850 ad

159 1889 299 1942 alios
333 1888 617 1958 principes
637 1890 824 1944 mittit.

236 1981 444 2048 Σίγνα.
481 1983 652 2036 Certa:
685 1982 866 2049 ligurzc
897 1984 1060 2038 ductu
1094 1983 1288 2037 calami
1347 1981 1644 2048 designatae
1679 1979 1733 2033 in

158 2073 375 2128 chartis
398 2075 840 2139 eonveutionum,
895 2077 960 2129 ab
994 2075 1062 2129 iis
1111 2073 1443 2135 hominibus,
1487 2073 1577 2140 qui
1613 2085 1736 2124 cum

160 2165 407 2220 scribere
431 2165 705 2219 nescirent
730 2165 996 2234 ejusmodi
1027 2165 1180 2231 signa
1227 2163 1345 2218 loco
1383 2160 1742 2230 subscriptio-1

160 2256 254 2310 nis
285 2257 578 2324 ponebant.
642 2255 733 2311 Sic
793 2265 1086 2326 usurpatur
1141 2256 1256 2309 haec
1299 2268 1400 2306 vox
1460 2253 1556 2306 lib.
1617 2265 1737 2316 xm,

162 2362 289 2416 pag.
324 2346 448 2401 416.

241 2438 487 2494 Σκάλαι.
523 2439 643 2494 Lib.
678 2455 752 2494 vi.
793 2438 959 2496 Certa
1008 2439 1124 2494 loca
1149 2439 1310 2493 urbis
1357 2435 1744 2492 Constantino—

163 2532 444 2601 politanre.
477 2530 607 2586 Vide
637 2531 952 2586 Meursium.

267 2625 730 2678 Σουλτανίκιον.
760 2623 892 2692 Pag.
924 2621 992 2677 95
1053 2632 1106 2676 et
1131 2623 1282 2677 alibi.
1313 2622 1441 2674 Hac
1471 2633 1574 2672 vox
1602 2616 1744 2687 apud

165 2717 385 2769 Annam
416 2715 522 2769 duo
547 2715 835 2784 signiﬁcat,
874 2716 1050 2769 locum
1085 2715 1200 2767 sive
1226 2713 1488 2779 palatium
1545 2719 1600 2763 ct
1647 2723 1727 2761 aut

169 2805 284 2860 lam
314 2805 541 2861 sultanis
577 2806 771 2859 summi
808 2805 1112 2860 Turcorum
1149 2803 1436 2872 principis;
1477 2811 1531 2854 et
1564 2798 1744 2866 digni-

173 2902 351 2948 tatem
388 2893 532 2946 illam
565 2895 755 2963 ipsam.
787 2895 945 2948 Patet
972 2909 1036 2946 ex
1072 2893 1257 2947 multis
1286 2891 1416 2945 locis
1444 2904 1560 2958 qua:
1581 2887 1749 2943 lector

171 2981 232 3036 in
261 2982 374 3050 ipsa
405 2981 640 3036 lectione
666 2981 824 3037 facile
852 2984 1084 3036 notabit.

253 3075 651 3144 Σπούδεργος.
710 3076 829 3133 Lib.
864 3090 953 3139 xv,
1005 3085 1128 3144 post
1154 3072 1414 3137 medium,
1475 3070 1752 3139 eleganter

175 3175 381 3221 novata
439 3181 537 3222 vox
592 3168 658 3221 ad
737 3166 1149 3237 signiﬁcandum
1201 3178 1430 3233 gnavum
1487 3169 1544 3216 et
1609 3168 1751 3215 stre.

177 3274 379 3313 nuum.

255 3352 584 3418 Στρατηγίς
616 3359 817 3404 certam
843 3351 1159 3416 qualitatem
1190 3357 1283 3400 aut
1312 3347 1404 3412 jus
1454 3347 1608 3398 urbis
1661 3344 1757 3396 tle-

181 3454 342 3498 notat
375 3446 458 3498 cui
497 3446 602 3498 tale
636 3445 945 3512 adjunctum
977 3442 1282 3511 apponitur,
1319 3448 1540 3508 utpatet
1587 3453 1616 3490 e
1662 3436 1755 3489 lib.

176 3552 286 3592 xm
321 3545 585 3591 extremo.
615 3536 874 3588 Similiter

259 3626 699 3694 Στρατηγάτον,
743 3627 814 3678 De
841 3634 1022 3678 castro
1050 3623 1298 3676 videlicet
1329 3621 1528 3674 dictum
1558 3617 1644 3686 jus
1663 3616 1760 3669 ali-

183 3719 336 3785 quod
367 3717 601 3786 prwsidii
635 3725 727 3770 aut
765 3715 1100 3784 privilegium
1152 3712 1350 3776 innuit,
1401 3710 1539 3768 forte
1601 3707 1763 3776 quale

186 3809 408 3863 urbium
440 3822 626 3862 earum
658 3808 710 3861 in
744 3806 914 3860 Gallia
956 3815 1010 3859 et
1052 3803 1234 3873 Belgio
1279 3817 1397 3872 quae
1427 3799 1764 3856 Castellanim

190 3910 486 3955 vocantur.

265 3991 824 4059 Στρατοπεδάρχης.
878 3989 1104 4043 Videtur
1175 3985 1467 4055 peculiaris
1521 3983 1763 4052 quietiam

188 4081 469 4150 dignitas;
524 4080 617 4134 lib.
674 4097 772 4143 xtl,
838 4079 906 4133 de
952 4079 1160 4147 aspiete
1211 4097 1224 4133 :
1277 4075 1768 4146 Στρατοπεδὰρχην

183 4173 549 4241 τετιμηκώς;
596 4172 718 4225 item
751 4172 908 4240 paulo
943 4173 1188 4240 superius
1239 4186 1251 4222 :
1305 4167 1765 4240 Σρατοπεδάρχην

187 4265 361 4320 αὐτὸν
393 4263 616 4330 ἡξιώκει
647 4262 826 4330 πάσης
868 4261 1180 4329 Ἀνατολῆς,
1210 4265 1332 4313 etc.‘

270 4353 610 4421 Συνήθειαι.
655 4353 773 4406 Lib.
812 4368 892 4414 ιιι,
934 4353 983 4404 in
1018 4352 1164 4403 Bulla
1202 4353 1376 4404 Aurea
1407 4364 1575 4418 genus
1605 4349 1774 4402 vecti-

194 4445 342 4516 galis
370 4445 450 4499 sic
477 4445 701 4499 dictum.
741 4444 1062 4498 Guillelmus
1093 4444 1309 4511 Tyrius,
1369 4441 1462 4494 lib.
1521 4458 1577 4494 ιιι
1613 4458 1628 4493 :
1687 4440 1773 4492 Ita

197 4544 261 4590 ut
291 4550 322 4589 ε
370 4543 645 4603 conspectu
682 4532 1283 4599 Constantinopolitame
1335 4530 1580 4593 civitatis,
1646 4544 1772 4596 pro-

197 4637 472 4681 curatores
529 4642 651 4680 suos
702 4626 906 4678 haberet
959 4623 1469 4691 quiconsnetudines
1505 4639 1538 4674 a
1583 4631 1772 4673 trans-

196 4719 447 4775 euntibus
534 4718 822 4782 exigerent.
909 4713 1045 4767 Vide
1129 4713 1405 4767 Novellum
1489 4710 1775 4766 Iustiniani

193 4827 394 4873 cum,
447 4811 533 4864 ubi
561 4809 694 4878 Περὶ
742 4806 1063 4876 κουφισμῶν
1111 4803 1422 4874 συνηθείας.
1477 4803 1610 4856 Sunt
1639 4800 1774 4854 alic-

197 4905 298 4957 ubi
336 4903 602 4970 hodieque
659 4901 708 4953 in
747 4901 925 4955 Gallia
951 4899 1193 4968 quzedam
1226 4896 1462 4964 portoria
1495 4910 1612 4964 qua:
1643 4910 1777 4948 con—

199 4992 521 5049 suetudines
548 5001 826 5044 vocantur.

281 5083 671 5152 Συμπιὶθειαι.
704 5083 825 5136 Lib.
857 5097 939 5144 ιιι,
968 5090 1022 5134 et
1055 5079 1148 5132 lib.
1186 5093 1260 5140 Ix,
1316 5073 1599 5126 manifeste
1652 5081 1778 5125 sunt

207 5176 565 5231 remissiones
625 5189 796 5242 poena:
843 5188 976 5240 quas
1033 5169 1235 5226 Gallice
1293 5168 1471 5237 greces
1525 5164 1777 5224 dicimus,

205 5266 432 5338 quando
471 5266 702 5320 convicti
765 5263 1011 5318 criminis
1057 5259 1378 5328 supplicium
1441 5257 1595 5322 plena
1631 5261 1782 5321 pote-

205 5369 353 5415 state
381 5358 643 5427 principis
698 5358 1057 5410 condonatur.
1108 5350 1298 5414 Venia,
1342 5338 1609 5408 remissio,
1671 5345 1784 5398 sive

210 5453 440 5507 remissa
483 5463 538 5504 ut
573 5449 812 5518 loquitur
853 5454 1038 5499 auctor
1066 5439 1434 5496 comtuet‘tlarii
1467 5437 1516 5490 in
1559 5436 1782 5489 Paulum

203 5543 500 5598 Ambrosio
534 5541 720 5595 tributi
752 5539 820 5592 ad
853 5539 1009 5591 Rom.
1049 5550 1125 5597 vt,
1167 5533 1254 5587 Η.
1290 5530 1569 5600 Signilicat
1596 5527 1781 5581 eadem

209 5649 320 5690 vox
353 5632 490 5703 apud
527 5632 735 5685 Annam
794 5644 898 5682 non
959 5642 1079 5680 raro
1141 5626 1466 5678 tributorum
1512 5620 1784 5673 condona-

220 5725 399 5783 tiones
466 5734 558 5780 aut
630 5722 988 5779 relaxationes
1045 5717 1365 5781 debitorum,
1444 5711 1779 5782 συμπάθειαν,

1276 318 1769 379 GLOSSARIUM
1811 318 2173 377 ANN.EUM'

3260 306 3394 370 1234

1815 428 2164 497 δημοσιακῶν
2193 425 2526 498 ὀφλημάτων
2561 438 2574 475 :
2615 422 2740 477 item
2771 419 3107 492 συμπάθειαι
3149 421 3259 474 τῶν
3303 425 3392 476 λε’

1821 536 1886 587 γο
1895 521 2072 588 μένων
2123 518 2439 588 συνηθειῶν.

1888 609 2258 679 Συμφωνεῒν.
2305 607 2568 662 Peculiari
2616 606 2833 661 notione
2877 604 3186 659 fidelitatem
3236 603 3396 657 alicui

1824 701 2066 770 proﬁteri
2100 709 2155 754 et
2201 698 2317 768 ejus
2379 698 2662 768 ἄνθρωπον
2703 695 2871 760 λίξιον
2917 695 3053 750 ﬁeri.
3096 696 3154 748 lu
3197 694 3399 762 scripto

1820 795 2140 851 Concordiae
2165 793 2446 848 Baimundi
2481 793 2582 848 sub
2615 791 2795 851 ﬁnem.
2831 792 2924 846 lib.
2960 805 3080 846 xui.

1883 902 2234 971 Σφαιρίζειν.
2256 901 2375 957 Lib.
2400 918 2474 963 ix,
2493 911 2612 968 post
2629 899 2863 954 medium
2889 917 2903 953 :
2929 900 2989 952 Ei
3012 899 3068 952 δὲ
3089 898 3400 968 σφαιρῖζον-

1819 1010 1888 1046 τα
1909 993 2096 1045 τοῦτον
2114 987 2220 1043 εἶδέ
2239 990 2480 1056 τις.ριιίε
2501 990 2713 1043 dubitet
2732 989 2817 1041 hic
2844 989 3153 1058 σφαιρίζειν
3171 1003 3290 1042 esse
3309 989 3396 1058 pi-

1827 1087 1878 1140 la
1910 1083 2136 1138 ludere?
2183 1082 2367 1153 Pergit
2401 1098 2414 1137 :
2441 1082 2503 1135 Ei
2532 1081 2588 1134 δὲ
2632 1082 3044 1150 ἱππαζόμενον,
3069 1084 3116 1134 εἰ
3143 1082 3200 1135 δὲ
3227 1082 3400 1135 ἱππα-

1829 1180 1949 1238 υξας
1991 1172 2334 1243 ποιούμενον.
2358 1172 2498 1242 Ergo
2519 1171 2782 1226 distinctae
2805 1172 3221 1226 exercitationes
3244 1189 3403 1242 σφαιο

1831 1267 2002 1338 ρίζειν
2021 1276 2072 1320 et
2099 1265 2380 1330 ἱππάζειν.
2407 1264 2570 1332 Atqui
2604 1263 2760 1332 paulo
2785 1272 2902 1332 post
2924 1263 3003 1318 sic
3025 1264 3185 1316 habet
3209 1262 3360 1316 Anna
3387 1281 3400 1316 :

1828 1358 2179 1428 Σφαιρίζοντι
2211 1356 2319 1428 γάρ
2364 1371 2498 1408 ποτε
2529 1353 2608 1424 τῷ
2647 1354 3010 1424 αὐτοκράτορι
3054 1353 3196 1406 κατὰ
3237 1354 3296 1406 τὸ
3349 1356 3407 1406 ἐν

1831 1449 2052 1519 μεγάλῳ
2074 1448 2320 1517 παλατίῳ
2351 1445 2679 1515 ἱππηλάσιον
2711 1441 3204 1514 (ψιίαῐππηλάσιον
3235 1445 3298 1496 atl
3326 1444 3410 1512 pie

1829 1541 2025 1608 latni).
2047 1540 2260 1608 Pergit:
2301 1539 2466 1607 Ἀνήρ
2486 1553 2566 1600 τις
2591 1534 2864 1606 βάρϐαρος
2887 1534 2945 1597 ἐξ
2972 1534 3282 1604 ’Δρμενίων
3313 1537 3409 1586 καὶ

1830 1633 2089 1703 Τούρκων
2124 1634 2265 1699 φὺς,
2308 1630 2461 1699 ξίφος
2507 1628 2710 1680 ἔσωθεν
2753 1627 2863 1678 τῶν
2919 1624 3142 1693 ἀμφίων
3195 1626 3406 1694 φέρων,

1831 1725 1969 1777 ἐπὰν
2002 1726 2093 1776 τὸν
2126 1723 2503 1792 αὐτοκράτορα
2536 1721 2645 1773 τῶν
2679 1717 3149 1787 συσφαιριξόντων
3183 1717 3409 1770 ἀνασει-

1834 1815 2076 1884 ράσαντα
2104 1815 2196 1866 τὸν
2222 1813 2440 1882 χαλινὸν
2485 1809 2898 1877 ἀπολειφθέντα
2939 1807 3226 1872 ἐθεάσατο,
3259 1805 3344 1873 ἐφ’
3370 1800 3415 1872 ᾧ

1833 1905 2210 1958 πνευστιῶντα
2254 1905 2344 1956 τὸν
2394 1904 2562 1956 ἵππον
2617 1899 2914 1968 αναψύξπι,
2965 1908 3072 1951 etc.
3122 1899 3194 1950 En
3245 1911 3414 1964 eque-

1835 1999 1962 2053 stris
1994 1999 2143 2050 lusus
2179 1997 2318 2065 pilae.
2355 1996 2584 2061 Quinam
2637 1993 2681 2047 is
2715 2007 2843 2046 vero
2875 1991 2998 2044 est?
3033 1989 3198 2042 Video
3240 1994 3416 2042 simu-

1833 2089 1984 2142 lacra
2032 2087 2150 2141 belli
2199 2086 2364 2140 armis
2399 2086 2624 2139 decursa
2669 2083 3085 2153 σφαιρομαχίας
3136 2079 3412 2134 veteribus

1840 2179 2032 2234 dictas.
2080 2178 2215 2232 Nam
2267 2186 2341 2232 ex
2378 2174 2619 2236 Polluce,
2674 2175 2766 2228 lib.
2801 2190 2860 2228 ιιι
2906 2191 2919 2227 :
2976 2171 3087 2225 Καὶ
3152 2169 3222 2223 τὰ
3273 2169 3414 2222 ὅπλα

1840 2271 2065 2337 σφαῖραι
2085 2284 2099 2299 ο
2131 2267 2224 2335 ἀφ’
2249 2262 2323 2318 ὧν
2348 2265 2440 2319 καὶ
2471 2265 2532 2318 τὸ
2568 2265 2968 2335 σφαιρομαχεῖν
2996 2262 3089 2315 καὶ
3112 2276 3417 2331 σφαιρομαο

1839 2360 1951 2427 xta.
1998 2357 2114 2410 Non
2177 2357 2388 2410 videtur
2445 2372 2573 2424 ergo
2639 2370 2759 2409 esse
2803 2369 2962 2422 posse
3011 2353 3226 2407 dubium
3287 2353 3414 2419 quin

1842 2449 2154 2518 σφαιρίζειν
2214 2447 2290 2500 sit
2331 2447 2599 2499 interdum
2635 2445 2771 2514 apud
2821 2446 3054 2504 Annam,
3087 2456 3281 2509 equum
3314 2439 3411 2492 duo

1844 2545 2037 2595 mitare
2093 2549 2255 2606 atque
2308 2538 2361 2591 in
2412 2537 2596 2592 orbem
2633 2551 2814 2606 agere,
2866 2545 2955 2587 aut
2985 2543 3236 2603 equestre
3275 2532 3420 2586 ludi-

1841 2647 1990 2686 erum
2029 2632 2339 2684 decurrere.
2587 2667 2590 2672 -

1917 2723 2266 2792 Σχιδευμός.
2292 2721 2411 2775 Lib.
2445 2735 2526 2783 ιιι,
2565 2720 2615 2772 ἰιι
2658 2718 2808 2773 Culla
2849 2732 3049 2771 aurea:
3089 2715 3421 2788 Σχιδευμοίις

1845 2817 1939 2869 καὶ
1974 2813 2414 2882 ἀποσχιδευμοὺς
2449 2819 2673 2864 autumo
2716 2808 3010 2863 scissioues
3051 2815 3104 2861 et
3145 2805 3422 2860 rescissio-

1845 2920 1940 2959 nes
1987 2919 2162 2958 rerum
2208 2903 2609 2972 judicatarum',
2653 2901 2734 2952 vel
2781 2910 3183 2953 contractarum
3212 2937 3226 2959 ,
3275 2908 3423 2965 p05t-.

1847 2985 2008 3064 quam
2065 2993 2400 3048 solemnibus
2461 2993 2600 3062 juris
2662 2989 2904 3043 formulis
2953 2989 3177 3042 ﬁrmatae
3247 2996 3418 3040 sunt:

1847 3102 2006 3156 quam
2041 3094 2359 3154 potestatem
2403 3083 2596 3139 summi
2631 3080 2966 3150 principatus
3003 3079 3272 3149 propriam
3321 3079 3422 3130 im—

1849 3186 2066 3247 perator
2099 3176 2207 3228 illic
2238 3176 2395 3229 matri
2435 3172 2824 3228 communicat.
3121 3185 3125 3190 '

1923 3268 2052 3321 Σώα
2099 3268 2324 3332 πίστις.
2380 3265 2618 3330 Videtur,
2667 3264 2758 3317 lib.
2810 3279 2919 3328 xiv,
2973 3275 3093 3315 esse
3151 3259 3282 3312 ﬁdes
3337 3256 3421 3309 illa

1853 3374 2012 3426 quam
2065 3357 2359 3412 solemnem
2408 3353 2717 3422 imperatori
2773 3364 2866 3408 aut
2911 3355 3021 3420 regi
3070 3347 3423 3418 jureju‘rando

1856 3449 2174 3519 interposito
2209 3448 2530 3515 proﬁtentur
2553 3447 2640 3513 qui
2684 3460 2870 3498 eorum
2899 3442 3005 3509 juri
3034 3455 3090 3494 se
3135 3437 3426 3504 subjiciunt

1857 3552 1910 3595 et
1937 3555 2122 3596 eorum
2156 3538 2401 3592 homines
2431 3539 2583 3588 liunt.

2609 3665 2668 3718 T.

1937 3790 2150 3856 Τέμπη.
2185 3785 2414 3853 Τέμπης
2448 3779 2706 3850 singulari
2735 3791 2960 3831 numero
2995 3774 3147 3828 vallis
3187 3772 3254 3824 ab
3280 3771 3433 3822 Anna.

1863 3881 2081 3944 dicitur,
2116 3875 2484 3946 singulariter,
2530 3879 2587 3923 ut
2644 3870 2876 3922 videtur.
2939 3865 3071 3918 Aliis
3121 3864 3264 3916 enim
3319 3859 3431 3912 fere

1865 3968 2056 4036 plurali
2091 3981 2219 4018 voce
2241 3963 2307 4016 τὰ
2327 3963 2524 4030 Τέμπη
2559 3960 2833 4012 dicuntur.
2869 3953 3044 4006 Locus
3069 3960 3150 4005 est
3182 3949 3273 4001 lih.
3309 3963 3428 4008 xui,

1866 4069 1985 4128 post
2049 4057 2283 4111 medium
2327 4071 2365 4123 ε,
2400 4053 2521 4106 ὅθεν
2575 4051 2624 4102 οἱ
2678 4047 2873 4101 Κελτοὶ
2924 4046 3004 4103 εἰς
3055 4043 3148 4110 τὴν
3205 4038 3431 4108 Τέμπην

1867 4151 2220 4222 ἐμπεσόντες.

1943 4245 2128 4295 Τὶλια.
2162 4239 2281 4292 Lib.
2316 4252 2413 4290 xnt
2442 4253 2456 4288 :
2497 4235 2600 4285 Σὺν
2646 4224 2727 4292 οἷς
2765 4227 2864 4281 καὶ
2897 4224 3026 4294 τρία
3060 4222 3225 4274 τίλια.
3278 4219 3435 4274 Certa

1868 4345 2046 4388 castra
2077 4342 2172 4385 aut
2202 4331 2316 4382 loca
2352 4327 2431 4380 sic
2459 4324 2623 4378 diota.

1946 4419 2381 4488 Τοποτηρητής.
2438 4415 2555 4468 Lib.
2615 4428 2698 4476 ιιι,
2767 4420 2888 4478 post
2960 4408 3219 4469 medium,
3285 4403 3446 4465 alitet_

1870 4526 2164 4586 usurpatur
2195 4526 2356 4581 quam
2394 4519 2452 4561 ut
2497 4506 2657 4575 vulgo
2693 4503 2828 4557 solet
2868 4515 2964 4570 pro
2997 4498 3203 4552 vicario
3259 4504 3442 4564 partes

1869 4610 2096 4678 alicujus
2136 4622 2198 4658 ac
2223 4605 2396 4658 locqu
2421 4599 2703 4654 subeunte.
2743 4594 2814 4646 lbi
2854 4591 2994 4644 enim
3040 4586 3323 4642 manifeste
3352 4599 3442 4637 so-

1872 4712 1965 4758 nat
1987 4700 2297 4770 prtel'cctum
2329 4696 2445 4750 urbi
2480 4692 2640 4748 alicui
2674 4688 2915 4742 munitae.

1949 4767 2172 4859 prela.
2211 4789 2328 4842 Lib.
2369 4802 2443 4848 ix,
2486 4800 2604 4854 pag.
2632 4781 2729 4835 25!
2764 4797 2778 4832 :
2819 4774 3054 4841 Ἀγνοῶν
3099 4771 3196 4840 τὴν
3225 4767 3318 4820 τοῦ
3345 4767 3443 4818 αὐ-

1873 4885 2206 4957 τοκράτορος
2247 4878 2368 4932 κατ’
2395 4874 2560 4930 αὑτοῦ
2620 4865 3160 4925 κατασκευασθεῖσαν
3199 4859 3438 4928 τορείαν.

1877 4949 2080 5046 Τυρεια
2111 4949 2288 5028 astuta
2333 4980 2385 5023 et
2418 4967 2562 5020 vafra
2610 4960 2960 5017 machinatio.
3013 4953 3327 5010 Eustathius
3375 4949 3440 5046 ad
3481 4953 3484 4958 '

1879 5037 2038 5121 Iliad.
2068 5064 2107 5116 ε’
2133 5081 2148 5118 :
2182 5063 2254 5115 Τὸ
2293 5062 2347 5113 δὲ
2369 5057 2617 5128 τορεύειν
2649 5053 2742 5106 καὶ
2765 5054 2798 5121 ἡ
2833 5048 3044 5127 τυρεία⁸
3076 5040 3321 5114 μοναχῶς
3353 5037 3446 5091 ἐπὶ

1877 5159 2214 5231 φαυλότητος
2250 5152 2476 5204 τίθεται.

1956 5222 2324 5316 Τυροξράγος.
2359 5243 2487 5309 Pag.
2522 5240 2581 5293 5|
2621 5258 2633 5290 z
2667 5235 2968 5289 llebdomas
2994 5231 3044 5283 in
3073 5244 3134 5280 ea
3169 5222 3443 5277 Dominit'a

1881 5341 2133 5395 desinens
2168 5349 2328 5403 quam
2361 5331 2457 5384 nth
2505 5324 3010 5394 Quinquagesimain
3066 5330 3338 5372 vocamus.
3383 5325 3442 5364 ea

1885 5400 2518 5492 ιιρὺιιοιιιτιε-τυροφάγος
2565 5419 2764 5472 dicitur
2813 5412 2954 5482 quod
3007 5425 3100 5478 per
3144 5420 3260 5461 eam
3304 5400 3447 5455 vesci

1884 5523 2058 5575 adhuc
2086 5532 2246 5572 c-iseo
2270 5515 2477 5568 liceret.
2510 5510 2719 5563 Etenim
2744 5504 3122 5561 abstinentiam
3153 5497 3447 5551 solemnem

1885 5611 2033 5667 verni
2054 5607 2242 5678 jejunii
2282 5606 2454 5659 Gl‘iBCi
2489 5603 2677 5656 diebus
2705 5600 2951 5651 undecim
2984 5591 3249 5646 maturius
3284 5600 3444 5655 quam

1889 5721 1984 5763 nos
2012 5704 2285 5758 inchoaut.
2319 5699 2422 5752 Sed
2459 5698 2508 5750 in
2549 5711 2612 5750 eo
2643 5691 2962 5763 quibusdam
3002 5686 3253 5757 gradibus
3283 5691 3448 5732 utun-
