3960 6576
355 382 501 454 1245

1377 385 1636 448 SERMO
1669 388 1769 447 DE
1808 384 2006 446 ZONA
2037 385 2119 444 SS
2173 385 2556 447 DEIPARIE.

3457 372 3594 440 12w

350 484 441 529 tur
473 469 740 542 potentias
777 470 1009 536 Domini,
1042 471 1252 527 auditas
1305 473 1464 528 faciet
1508 489 1695 528 omnes
1747 474 1930 526 lauda-
1961 473 2005 526 Α
2033 471 2172 526 liter.
2205 472 2530 541 Diligitvero
2556 470 2728 538 etiam,
2749 465 3147 524 sanctissimum
3174 472 3226 518 et
3256 461 3593 518 Paracletutn

347 567 525 622 tiones
553 566 668 633 ejus
687 567 702 596 ¹
729 567 752 618 ?
775 584 793 617 ι
833 577 924 619 aut
946 569 1214 634 quomodo
1238 583 1444 634 possem
1474 584 1571 637 ego
1601 571 1702 624 hoc
1731 569 1926 637 duplici

351 659 475 710 luce
505 658 848 725 resplcntlens
877 659 1090 720 festum,
1113 660 1292 712 verbis
1332 675 1596 713 exornare
1614 659 1927 726 splendidis,

352 748 590 816 primum
646 751 860 814 quidem
911 761 969 801 ut
1027 750 1132 803 Deo
1162 751 1394 814 placeant
1424 790 1438 810 ,
1471 763 1522 803 et
1553 753 1634 812 ei,
1661 767 1778 818 qua:
1807 766 1928 803 eum

357 839 566 906 peperit
600 842 714 892 sine
739 843 966 904 smnine,
1001 851 1051 892 et
1104 842 1259 908 plane
1310 843 1652 897 ineﬂ‘abiliter
1689 860 1702 895 :
1743 843 1933 896 deinde

351 930 538 991 etiam,
574 938 628 980 nt
667 931 864 993 prosim
905 931 968 984 iis
1003 969 1017 992 ,
1059 934 1146 999 qui
1189 942 1556 985 convenerunt
1603 943 1657 986 et
1693 932 1933 1002 jucunde

351 1021 671 1075 exsul'ant?

430 1113 514 1166 Ill.
542 1117 698 1176 Atqui
745 1117 851 1168 vita
886 1117 1103 1182 quidem
1136 1118 1349 1170 excelsa
1381 1133 1590 1184 carens,
1614 1135 1773 1188 quam
1807 1135 1935 1174 cono

353 1208 717 1259 venitbabere
746 1224 860 1266 eos,
923 1211 1012 1276 qui
1059 1211 1244 1262 volunt
1275 1211 1510 1264 scribere
1547 1230 1562 1266 :
1602 1233 1618 1264 ι
1663 1216 1932 1281 (primum

356 1297 500 1350 enim
530 1309 688 1362 t-aaptt
741 1299 897 1352 JeStts
942 1300 1134 1362 facere,
1192 1304 1383 1357 deinde
1416 1305 1691 1371 docere’)
1732 1325 1751 1358 ι
1778 1309 1936 1376 quin-

363 1390 528 1442 etiam
581 1393 811 1457 spiritali
871 1410 1036 1458 egens
1081 1395 1641 1464 oratione,(oportet
1666 1399 1808 1452 enim
1843 1398 1940 1452 lin-

2033 565 2317 633 Spiritum,
2341 574 2397 617 ut
2420 567 2622 619 honore
2641 563 2920 631 aequalem,
2939 570 2994 617 et
3011 573 3382 615 consessorem
3427 555 3604 611 Patris

2032 667 2082 708 et
2118 655 2260 717 Filii,
2294 665 2345 708 et
2382 666 2438 707 ttt
2465 655 2558 722 qui
2593 669 2656 706 ex
2689 653 2848 706 Patre
2902 651 3119 719 quidem
3169 646 3412 716 procedit
3447 685 3461 709 ,
3506 658 3602 712 per

2033 745 2226 799 Filium
2263 757 2441 798 autem
2477 747 2541 798 ad
2573 759 2783 798 omnem
2815 743 2958 810 pium
2996 739 3248 793 mittitur.
3300 735 3482 804 Diligit
3509 750 3605 786 au-

2036 846 2142 890 tem
2173 838 2329 889 simul
2357 843 2409 905 (o
2431 837 2777 890 excellentem
2804 836 2889 888 Dei
2916 828 3298 895 oeconomiam)
3321 842 3461 889 eam,
3482 839 3602 893 quae

2037 930 2292 985 ineffabili
2333 941 2385 984 ct
2414 930 2676 997 stupenda
2711 927 2921 981 ratione
2945 927 2996 978 in
3023 923 3230 976 ultimis
3265 918 3600 988 temporibus

2037 1023 2300 1076 continuit
2331 1023 2663 1091 unigenitum
2691 1017 2924 1072 Verbum
2952 1015 3128 1070 Patris
3151 1053 3167 1078 ,
3194 1019 3248 1067 et
3288 1008 3431 1080 quod
3478 1023 3602 1063 cum

2039 1133 2103 1171 eo
2136 1125 2220 1169 est
2255 1130 2449 1182 expers
2480 1113 2746 1181 principii.

2109 1207 2198 1260 Vl.
2227 1205 2423 1260 Habuit
2456 1206 2620 1268 enim,
2653 1205 2838 1257 habuit
2884 1203 2937 1256 in
2976 1211 3129 1254 utero
3182 1198 3502 1252 intemerata
3552 1198 3609 1246 et

2039 1301 2318 1368 impolluta
2377 1297 2606 1350 Verbunt
2665 1294 2814 1357 illttd,
2873 1292 3015 1361 quod
3079 1290 3246 1344 caelos
3299 1284 3608 1342 constituit.

2040 1391 2230 1444 Habuit
2261 1390 2313 1465 in
2347 1397 2499 1442 utero
2521 1401 2664 1446 eum,
2694 1384 2783 1450 qui
2816 1399 2992 1452 pugno
3018 1382 3196 1436 omnia
3242 1379 3522 1439 continet,
3555 1383 3610 1430 et

360 1495 520 1548 gnam
559 1484 757 1538 habere
792 1488 1148 1555 theologicam
1175 1528 1191 1549 ,
1219 1497 1277 1542 ut
1316 1505 1418 1544 non
1444 1505 1577 1558 opus
1606 1491 1803 1544 habeat
1833 1493 1937 1546 alio
1994 1483 2095 1552 «(0
2119 1482 2496 1545 castissimatn,
2536 1488 2589 1532 et
2628 1477 2756 1531 nulli
2787 1476 2954 1544 culpze
2998 1474 3204 1528 aliinem
3233 1513 3248 1538 ,
3280 1488 3438 1541 quam
3466 1469 3608 1524 exti-

359 1583 678 1627 ronvertere
709 1579 916 1642 oculos,
946 1595 1105 1646 quam
1141 1581 1205 1632 ad
1239 1581 1385 1634 viros
1420 1582 1655 1647 divinos,
1685 1584 1775 1652 qui
1807 1585 1933 1637 olim

360 1665 524 1719 locuti
559 1677 682 1720 sunt
715 1670 939 1732 pulchre
963 1681 1016 1725 et
1047 1673 1406 1742 panegyrice)
1459 1676 1590 1730 nihil
1631 1658 1772 1730 aliud
1829 1678 1939 1732 elli-

2041 1581 2290 1628 tnescunt
2315 1571 2675 1637 intelligentes
2699 1582 2891 1621 omnes
2920 1563 3262 1633 hierarehize)
3299 1561 3528 1632 gestavit
3555 1559 3606 1613 itt

2043 1675 2196 1719 utero
2223 1662 2480 1732 eutn,qui
2523 1677 2620 1716 nec
2650 1659 2939 1722 contineri,
2979 1672 3079 1711 nec
3124 1655 3258 1710 adiri
3311 1661 3488 1722 potest
3543 1651 3620 1704 ab

357 1758 498 1811 Ciam
531 1760 813 1826 oratione,
859 1778 1019 1828 quam
1077 1767 1318 1819 molestia
1374 1766 1601 1821 afﬁciam
1646 1784 1740 1823 θος
1765 1810 1781 1836 ,
1843 1774 1934 1837 (μη
1972 1801 2013 1854 Β
2043 1757 2298 1811 universa
2333 1763 2602 1816 creatura,
2636 1752 2802 1805 Deum
2832 1749 3130 1820 perfectum
3160 1757 3212 1801 et
3239 1743 3452 1815 (verum
3481 1742 3611 1813 quid

358 1859 748 1916 convenerunt,
781 1853 1030 1908 imlecora
1066 1860 1353 1912 verborum
1387 1859 1666 1915 httmiliate
1691 1901 1707 1926 ,
1747 1873 1800 1916 et
1839 1865 1935 1915 ob-

361 1954 544 2001 scura,
568 1956 632 1994 ac
687 1944 932 1998 inornata
957 1947 1208 2002 dictione.
1244 1948 1348 2002 Sed
1385 1961 1564 2005 tamen
1596 1953 1696 2006 viri
1736 1952 1937 2007 fidelis-

359 2031 482 2084 simi
511 2031 795 2101 implentes
831 2035 1214 2101 obedientiam,
1248 2051 1301 2093 et
1335 2041 1470 2106 ejus,
1501 2044 1589 2111 qui
1631 2053 1712 2098 est
1748 2045 1938 2100 divinis

359 2121 616 2187 repletus,
645 2139 830 2176 eamus
858 2126 968 2193 jam
1033 2128 1226 2194 duplex
1285 2131 1351 2182 ad
1409 2130 1600 2185 festum
1661 2131 1941 2188 laudanda:

360 2225 576 2281 semper
623 2223 677 2270 et
734 2217 904 2270 beatae
961 2219 1218 2286 Virginis.
1257 2238 1275 2271 t
1309 2221 1463 2273 Dabit
1493 2221 1634 2275 enim
1670 2223 1892 2276 verbum
1923 2266 1937 2287 ,

361 2303 556 2369 inquit.
618 2306 874 2360 Dominus
919 2312 1410 2376 evangelizantibus
1449 2313 1646 2367 virtute
1686 2315 1872 2369 multa.
1914 2335 1932 2368 ι

431 2397 519 2452 IV.
549 2401 660 2467 Age
688 2416 815 2453 vero
855 2402 983 2456 huic
1024 2402 1222 2464 divino,
1276 2403 1559 2457 excellenti
1609 2413 1664 2458 et
1703 2405 1940 2471 jttcttndo

362 2485 468 2539 diei
494 2501 688 2540 novum
715 2488 926 2556 aliquod
948 2491 1100 2558 prius
1126 2507 1500 2560 comparemus
1523 2500 1572 2546 et
1600 2508 1943 2563 exmquemus

361 2579 838 2645 spectaculum,et
889 2582 958 2633 ita
1009 2583 1166 2636 nobis
1202 2584 1499 2637 orationem
1549 2596 1944 2653 consequenter

362 2671 745 2738 suppeditante
781 2689 861 2733 ea.
899 2689 1019 2742 qua:
1053 2676 1170 2728 sine
1197 2675 1320 2728 ullis
1352 2676 1453 2729 loci
1499 2679 1760 2747 angustiis
1779 2680 1941 2746 cepit,

363 2775 428 2814 ac
461 2763 729 2815 continuit
756 2765 1060 2818 consistens
1093 2764 1324 2819 Verbum
1353 2765 1529 2820 Patris
1553 2808 1568 2832 ,
1625 2771 1945 2837 adjiciamus

365 2870 599 2908 coronas
633 2857 1000 2909 encomiorum
1037 2859 1136 2919 his,
1167 2858 1370 2925 quibus
1395 2869 1478 2913 est
1508 2869 1717 2928 gratum
1746 2861 1941 2915 festum

363 2953 419 2998 et.
457 2946 738 2998 amborum
773 2945 911 3000 festo
945 2946 1231 3001 afferamus
1255 2947 1489 3016 ea,'qua:
1529 2961 1612 3003 est
1642 2963 1946 3006 consenta-

366 3052 548 3090 neum.
583 3036 864 3102 Quomodo
892 3041 1032 3092 enim
1060 3041 1345 3107 propositis
1376 3041 1607 3108 geminis
1630 3082 1644 3103 ,
1675 3043 1764 3110 qui
1817 3059 1947 3113 gau-

366 3128 509 3183 dium
544 3131 776 3184 afi‘erunt
805 3133 998 3194 oculis,
1037 3133 1147 3186 sole
1175 3173 1190 3197 ,
1223 3134 1440 3202 inquam
1469 3173 1483 3198 ,
1522 3135 1934 3203 resplendente,
1967 3131 2013 3191 C

366 3231 421 3287 et
449 3222 710 3275 orientem
745 3223 1070 3285 illustt-ante,
1102 3235 1156 3277 et
1180 3224 1304 3276 luna
1329 3240 1451 3278 cum
1485 3225 1781 3293 splendidis
1809 3228 1946 3282 stel.

369 3313 435 3367 lis
474 3323 684 3367 noctem
713 3314 996 3368 obscuram
1027 3314 1365 3369 illuminante
1387 3357 1401 3379 ,
1426 3327 1517 3370 aut
1547 3320 1708 3372 etiam
1738 3319 1950 3372 duobus

373 3406 576 3459 solibus
607 3407 911 3460 orientibus
944 3415 1076 3459 ntttu
1097 3415 1150 3458 et
1183 3407 1515 3472 providentia
1571 3408 1771 3470 divina,
1809 3416 1864 3462 et
1917 3425 1948 3464 a

370 3498 531 3555 Patre
563 3511 703 3552 mota
763 3499 1052 3562 voluntate,
1081 3508 1162 3552 est
1207 3499 1524 3554 admirabile
1575 3507 1629 3554 et
1683 3500 1952 3556 ineffabile

376 3593 462 3651 iis.
494 3592 584 3660 qui
623 3592 712 3644 hic
757 3593 972 3652 adsunt,
1041 3591 1404 3658 spectaculum
1440 3608 1454 3645 :
1489 3592 1558 3646 ita
1592 3593 1752 3645 etiam
1783 3632 1798 3657 ,
1833 3607 1952 3660 quae

374 3700 516 3738 nunc
572 3685 723 3737 adest
755 3684 1031 3752 Splendida
1062 3692 1114 3737 et
1145 3698 1354 3737 summa
1377 3683 1662 3738 celebritas
1687 3725 1702 3746 ,
1737 3685 1790 3738 in
1854 3701 1952 3740 nos

372 3779 576 3832 emittit
611 3778 884 3830 radiorum
923 3778 1179 3832 micantia
1217 3775 1448 3847 fulgura,
1484 3786 1536 3832 et
1563 3777 1719 3847 hujus
1752 3778 1953 3832 fidelis-

377 3872 501 3925 siuti
552 3871 731 3937 populi
791 3871 1260 3940 congregationem
1305 3912 1320 3935 ,
1375 3880 1628 3940 tanquam
1683 3881 1951 3925 astrorum

373 3962 774 4019 multitudinem
808 3977 942 4029 pene
966 3963 1404 4015 innumerabilem
1437 4000 1453 4026 ,
1505 3962 1668 4015 mittit
1707 3961 1772 4014 ad
1820 3970 1956 4014 tem-

377 4056 524 4124 plum
555 4054 692 4122 ejus,
725 4069 845 4121 quae
875 4060 957 4106 est
984 4068 1107 4106 vere
1144 4063 1195 4106 et
1234 4055 1449 4122 proprie
1505 4053 1730 4121 Deipara
1763 4069 1777 4105 :
1819 4051 1956 4106 divi-

380 4159 586 4212 nosque
619 4144 818 4209 radios,
853 4144 1177 4211 odoresque,
1207 4143 1524 4196 suavissime
1573 4142 1840 4209 Spirantes
1872 4140 1953 4195 ef-

378 4233 552 4287 fundit
613 4232 1069 4293 innumerabiles,
1122 4240 1176 4284 et
1245 4232 1530 4300 persuadet
1572 4232 1736 4286 Deum
1777 4245 1957 4298 prom-

379 4327 624 4396 ptissimo
646 4325 954 4392 glorificare
975 4324 1156 4377 animo
1184 4362 1199 4386 ,
1231 4323 1500 4392 quomodo
1549 4337 1612 4377 ex
1670 4323 1956 4392 terrigenis

379 4433 538 4471 nemo
570 4415 730 4469 fuerit
785 4417 1051 4469 elocutus.
1109 4415 1222 4468 Non
1264 4422 1445 4484 potest
1488 4414 1632 4466 enim
1678 4413 1952 4468 exhauriri

2043 1849 2136 1902 tibi
2163 1847 2263 1912 rei,
2296 1862 2328 1901 ο
2367 1845 2590 1914 benigne
2620 1853 2673 1899 et
2702 1843 2962 1905 clemens,
2995 1854 3118 1894 cum
3150 1836 3410 1892 mendicis
3438 1843 3492 1889 et
3521 1833 3617 1887 ab-

2037 1941 2198 2009 jectis
2219 1940 2279 2006 ?)
2309 1938 2577 1992 hominem
2614 1935 2932 2004 perfectum,
2969 1932 3237 2000 duplicem
3266 1936 3480 1991 natura,
3507 1942 3611 1978 una

2042 2041 2221 2085 autem
2255 2030 2644 2084 consistentem
2706 2039 2959 2095 persona.
3009 2022 3126 2076 Non
3185 2020 3328 2074 enim
3385 2017 3614 2071 dicimus

2043 2123 2313 2177 hominem
2361 2119 2670 2175 deificatum
2708 2127 2960 2183 tanquam
2989 2116 3042 2168 in
3085 2111 3291 2166 visione
3343 2124 3406 2163 ac
3444 2108 3617 2177 plum.-

2046 2213 2179 2266 tasia
2209 2228 2224 2268 :
2253 2211 2393 2264 absit
2427 2227 2444 2268 :
2482 2211 2573 2264 sed
2615 2208 2781 2261 Deum
2835 2208 3175 2259 incarnatum
3207 2243 3222 2267 ,
3260 2212 3312 2255 et
3341 2199 3613 2260 hominem

2043 2303 2272 2366 factum,
2305 2303 2396 2371 qui
2433 2311 2600 2354 totum
2631 2299 2758 2352 illud
2783 2339 2798 2363 ,
2831 2301 2971 2365 quod
3004 2304 3249 2348 nostrum
3281 2299 3402 2356 est,
3435 2303 3619 2343 susce-

2043 2396 2141 2463 ptt,
2172 2397 2421 2462 dogmate
2451 2401 2639 2447 nostro
2663 2401 2932 2445 tenemus.
2965 2405 2985 2437 t
3025 2385 3261 2439 Verbum
3313 2383 3459 2436 enim
3489 2381 3615 2450 (in-

2045 2490 2161 2556 quit
2217 2485 2439 2538 tonitrui
2468 2481 2646 2552 lilius)
2681 2495 2809 2535 caro
2836 2481 3036 2532 factum
3068 2486 3151 2532 est
3180 2477 3221 2529 ⁸.
3265 2495 3284 2526 ι
3323 2474 3442 2528 Non
3474 2472 3616 2541 quod

2045 2595 2364 2635 conversum
2394 2571 2460 2631 ac
2475 2584 2740 2630 mutatum
2767 2575 2836 2652 sit
2856 2589 2920 2629 ex
2944 2587 3031 2637 eo,
3054 2571 3197 2641 quod
3217 2581 3329 2624 erat
3358 2567 3617 2633 Verbum,

2047 2673 2140 2726 sed
2169 2672 2306 2739 quod
2349 2678 2610 2739 printerea
2645 2667 2955 2736 acceperit,
2991 2673 3051 2718 ut
3095 2678 3223 2718 caro
3283 2663 3475 2716 fieret:
3511 2674 3618 2712 non

2048 2774 2249 2816 mutata
2277 2761 2559 2815 divinitate
2586 2761 2636 2813 itt
2665 2757 3075 2818 humanitatem,
3118 2754 3212 2809 sed
3247 2768 3368 2807 cum
3405 2751 3620 2821 propria

2049 2873 2159 2910 sua:
2213 2855 2513 2909 divinitatis
2571 2853 2829 2914 essentia,
2894 2850 2946 2903 in
2998 2847 3213 2917 propria
3267 2859 3497 2916 persona
3527 2843 3621 2898 Dei

2048 2948 2209 3002 Verbi
2241 2956 2295 3001 et
2322 2945 2712 3009 consistentis,
2769 2938 3236 3011 comprehendens
3284 2937 3448 2992 etiam
3497 2950 3620 2992 esse

2051 3039 2348 3092 hominem.

2118 3128 2232 3181 Vll.
2263 3125 2545 3180 Hominem
2577 3133 2758 3178 autem
2791 3122 2916 3177 dico
2967 3119 3226 3191 perfecte.
3279 3116 3624 3184 Qua-cunque

2051 3222 2189 3276 enim
2233 3221 2413 3281 homo,
2442 3226 2496 3271 et
2519 3215 2695 3286 qualia
2723 3215 2904 3276 homo,
2938 3221 2993 3266 et
3024 3213 3066 3265 si
3107 3210 3236 3279 quid
3281 3217 3364 3263 est
3417 3209 3578 3262 homo
3605 3245 3619 3264 .

2053 3312 2262 3379 accepit
2299 3309 2640 3376 Unigenitus,
2679 3314 2738 3358 ut
2766 3306 2818 3358 in
2855 3303 3097 3373 perfecto
3131 3315 3231 3355 Suo
3262 3301 3477 3354 homine
3503 3296 3625 3351 titti-

2052 3416 2263 3456 versam
2297 3400 2546 3461 salutem,
2573 3412 2694 3450 eum
2715 3397 2858 3451 Deus
2881 3406 3049 3457 esset,
3079 3394 3314 3448 ediceret
3339 3430 3354 3454 ,
3391 3388 3626 3445 hominis

2054 3491 2189 3545 nihil
2233 3490 2541 3558 relinquens
2575 3505 2589 3541 :
2623 3502 2690 3541 ne
2721 3503 2846 3553 pars
2877 3486 3064 3540 relicta
3092 3499 3277 3540 rursus
3314 3484 3463 3537 ﬁeret
3501 3493 3626 3534 esca

2055 3582 2278 3644 diaboli.
2311 3581 2423 3635 Non
2454 3581 2596 3634 enim
2638 3579 2805 3641 venit,
2836 3586 2891 3631 ιιι
2919 3586 3149 3630 mutaret
3176 3585 3444 3634 naturam,
3467 3587 3634 3626 carne

2058 3676 2293 3738 indutus,
2319 3675 2692 3726 universorum
2729 3669 2871 3723 Deus
2923 3686 2936 3721 :
2977 3667 3071 3721 sed
3104 3675 3161 3718 ιιι
3192 3680 3312 3718 eam
3365 3662 3634 3718 reforma-

2057 3776 2157 3831 ret,
2190 3775 2245 3820 et
2264 3765 2497 3820 efﬁceret
2516 3777 2702 3831 puram
2736 3777 2764 3816 a
2796 3760 3111 3826 mutatione,
3147 3766 3207 3812 ut
3235 3760 3402 3809 etiam
3423 3753 3622 3808 factum

2055 3869 2159 3914 est.
2187 3858 2337 3924 Quod
2367 3857 2510 3911 enim
2543 3855 2762 3918 fuimus,
2797 3854 3002 3907 erimus
3034 3894 3048 3914 ,
3075 3859 3294 3920 propter
3317 3846 3632 3918 mysterium

2056 3953 2172 4018 ejus
2202 3946 2589 4004 incarnationis
2623 3961 2762 4008 eam,
2805 3960 2924 4010 qua:
2952 3941 3018 3994 ab
3065 3941 3217 3994 initio
3253 3949 3405 4001 erat,
3439 3936 3638 3990 immu-

2057 4045 2378 4099 tabilitatent
2413 4039 2709 4109 accepturi,
2735 4050 2896 4106 quam
2933 4035 3063 4087 mihi
3107 4041 3163 4086 et
3194 4032 3352 4085 bonis
3377 4030 3632 4084 omnibus

2057 4139 2301 4207 perfecit,
2326 4148 2380 4189 et
2413 4148 2607 4201 corpus
2627 4142 2818 4186 natura
2846 4130 3104 4182 mundum
3154 4125 3384 4179 reddens
3435 4141 3465 4176 a
3510 4137 3640 4190 pec.

2059 4242 2202 4294 cato,
2227 4241 2281 4284 et
2321 4228 2710 4295 intelligentetn
2764 4224 3022 4289 animam,
3056 4221 3384 4276 voluntatem
3436 4215 3638 4268 haben-o

2063 4334 2166 4378 teut
2207 4320 2618 4377 immutabilem.

2135 4414 2267 4467 Vlll.
2303 4412 2422 4467 Uno
2453 4419 2636 4466 autem
2670 4407 2839 4464 verbo
2885 4407 3198 4462 universum
3255 4401 3382 4457 dico
3434 4409 3637 4469 mySIe-

379 4510 493 4574 ejus
521 4509 785 4562 bonorum
817 4507 1109 4577 scaturigo.
1131 4507 1224 4561 Est
1251 4507 1508 4576 perennis
1527 4505 1812 4560 thesaurus
1841 4506 1956 4570 ejus
1987 4483 2033 4539 θ
2063 4509 2223 4560 rium.
2248 4503 2432 4572 Neque
2464 4503 2631 4556 Deum
2662 4501 2861 4555 nudum
2897 4513 3148 4566 corpore,
3170 4501 3227 4551 et
3257 4494 3344 4558 iis,
3377 4505 3496 4558 qua:
3515 4497 3642 4543 sunt
3681 4539 3694 4558 ,θ

381 4603 781 4656 miraculorum.

455 4693 516 4748 V.
551 4695 606 4748 Si
639 4696 805 4757 enim,
833 4700 891 4748 ut
921 4693 1178 4755 diximus,
1204 4702 1286 4746 est
1323 4691 1496 4746 dulcis
1523 4700 1576 4746 et
1629 4688 1962 4746 desiderabi-

384 4786 448 4840 lis
477 4796 529 4839 ct
562 4785 813 4842 eximius.
839 4793 895 4836 et
927 4784 1045 4838 laeta
1073 4784 1236 4836 edicit
1257 4785 1418 4838 corda
1458 4785 1642 4838 oriens
1699 4784 1787 4838 hic
1836 4783 1958 4847 sol,

385 4881 474 4948 qui
507 4888 587 4932 e~t
619 4877 682 4931 ad
713 4887 944 4944 tempus,
970 4887 1022 4930 et
1060 4886 1142 4930 est
1169 4877 1508 4937 interiturus,
1565 4877 1778 4928 etiamsi
1814 4874 1961 4928 solus

388 4971 554 5024 fuerit
581 4971 764 5024 lucens
789 4980 840 5023 et
884 4969 1192 5022 illuminans
1227 4985 1239 5020 :
1273 4977 1474 5036 quanto
1517 4967 1688 5036 magis
1713 5007 1726 5028 ,
1765 4975 1921 5032 putas
1946 5005 1961 5030 ,
2021 5026 2028 5032 κ

387 5062 631 5114 Christus
694 5061 773 5114 sol
829 5059 1051 5128 justitiaa
1103 5073 1200 5110 nos
1261 5057 1525 5110 illuminat
1568 5056 1960 5124 jucundissima

392 5153 506 5218 ejus
535 5154 733 5217 Specie,
761 5160 814 5204 et
849 5149 1244 5218 pulchritudine
1277 5149 1534 5206 fruentes.
1573 5163 1668 5213 per
1709 5147 1962 5200 immate-

396 5245 577 5306 riales,
607 5245 847 5311 inquam,
880 5242 1260 5308 glorificantes,
1291 5247 1344 5292 et
1379 5239 1696 5306 purissimas
1727 5238 1962 5307 preces?

394 5355 412 5387 t
465 5337 576 5407 Ego
602 5341 739 5389 enim
768 5337 783 5402 (
810 5335 981 5402 inquit
1015 5332 1328 5402 Sapientia)
1355 5347 1448 5385 eos
1477 5371 1491 5395 ,
1519 5331 1606 5398 qui
1634 5345 1717 5384 me
1742 5337 1965 5394 amant,

389 5430 554 5498 diligo
581 5429 622 5483 ³.
662 5447 679 5477 ι
708 5427 808 5493 Qui
843 5437 1022 5479 autem
1056 5423 1464 5495 diligitFilium,
1501 5433 1556 5476 et
1581 5423 1746 5476 Deum
1779 5431 1832 5474 et
1865 5423 1961 5474 ho-

392 5522 591 5575 minem
620 5519 918 5581 Cbristum,
951 5517 1127 5584 diligit
1176 5532 1297 5570 eum
1348 5529 1562 5583 quoque
1589 5556 1604 5579 ,
1640 5514 1732 5584 qui
1787 5513 1960 5582 ipsum

391 5614 578 5682 genuit
604 5614 720 5665 sine
759 5622 1018 5678 tempore,
1049 5618 1174 5662 ante
1200 5609 1385 5662 omnia
1408 5607 1622 5665 saecula.
1648 5613 1701 5660 et
1725 5603 1970 5659 iueﬂ‘abi-

499 5797 518 5832 ⁸
571 5794 719 5855 Psal.
751 5810 838 5862 cv,
870 5797 926 5851 ἓ.
985 5797 1005 5829 ¹
1035 5793 1160 5850 Act.
1191 5808 1228 5858 ι,
1257 5793 1309 5847 1.
1401 5795 1423 5828 ³
1452 5792 1618 5848 Prov.
1639 5803 1760 5854 vni,
1789 5787 1879 5841 l7.

2063 4596 2329 4664 corporis,
2361 4594 2635 4649 Christum
2664 4605 2784 4645 esse
2828 4589 3114 4642 credamus
3147 4625 3162 4651 ,
3211 4598 3386 4652 neque
3438 4581 3638 4633 nudum

2061 4690 2333 4745 hominem
2370 4688 2578 4755 absque
2606 4699 2730 4738 vera
2763 4681 3042 4737 divinitate
3071 4719 3086 4743 ,
3133 4687 3189 4732 et
3233 4677 3298 4730 iis
3343 4689 3465 4744 quae
3516 4680 3642 4726 sunt

2059 4778 2354 4834 divinitatis
2393 4777 2764 4846 :(utrumque
2795 4771 2938 4824 enim
2979 4775 3166 4836 aperte
3206 4763 3496 4818 ostendunt
3547 4761 3644 4813 do.

2060 4871 2285 4924 ctrinam
2312 4865 2545 4932 diaboli)
2573 4864 2664 4916 sed
2691 4861 2852 4914 Deum
2875 4867 3066 4920 totum,
3087 4864 3140 4909 et
3163 4868 3285 4907 eum
3309 4852 3481 4921 ipsunt
3509 4847 3642 4902 abs-

2068 4976 2172 5029 que
2220 4959 2572 5014 conversione
2594 4953 2754 5008 totius
2787 4949 3019 5004 hominis
3041 4947 3312 5014 accepisse
3325 4942 3642 5004 essentiam,

2033 5039 2038 5044 ’
2067 5052 2230 5106 corde
2256 5065 2388 5117 puro
2415 5049 2700 5102 credamus
2731 5041 2796 5095 ad
2830 5040 3121 5110 justitiam,
3149 5045 3200 5089 et
3227 5049 3322 5088 ore
3351 5031 3645 5101 apostolico

2067 5155 2120 5198 et
2142 5153 2366 5212 paterne
2395 5137 2746 5192 conﬁteantur
2771 5129 2838 5184 ad
2867 5129 3120 5184 salutem.
3163 5123 3316 5176 I-lunc
3339 5135 3469 5190 ergo
3518 5129 3646 5173 ante

2067 5211 2263 5289 saecula
2300 5228 2489 5289 Deum,
2520 5225 2613 5294 qui
2670 5218 3055 5290 comprehendi
3113 5231 3221 5271 non
3280 5222 3494 5284 potest,
3550 5211 3640 5279 qui

2068 5325 2278 5382 refulsit
2307 5323 2360 5375 in
2394 5321 2605 5375 duabus
2640 5315 2888 5374 essentiis
2937 5322 2991 5367 et
3036 5307 3486 5380 operationibus,
3538 5318 3644 5356 una

2069 5427 2268 5479 autem,
2299 5424 2356 5468 ut
2381 5412 2634 5472 diximus,
2673 5419 2939 5476 persona,
2982 5411 3039 5456 et
3095 5399 3251 5455 nobis
3293 5398 3343 5450 in
3397 5392 3650 5448 omnibus

2070 5511 2170 5564 fuit
2195 5506 2526 5563 assimilatus
2559 5511 2757 5572 praeter
2793 5507 3095 5569 peccatum,
3127 5491 3337 5562 peperit
3369 5502 3510 5557 qua:
3567 5487 3644 5541 es!

2069 5616 2260 5657 verum
2289 5594 2654 5669 patrocinium
2676 5588 3111 5648 Christianorum
3133 5623 3148 5650 ,
3200 5590 3256 5639 et
3287 5577 3507 5652 prOprie
3555 5588 3642 5633 ve-

1991 5782 2015 5817 δ
2057 5780 2222 5839 Joan.
2257 5793 2298 5844 ι,
2333 5776 2420 5833 14.
