3960 6612
1731 265 1788 280 ..ι
1807 264 1906 280 ιτ-ι-ν
1924 262 1960 275 -ν

324 396 461 464 ῙΞΠ

1385 406 1745 467 ΑΟΟΕΝΟΑ
1784 406 1885 464 ΑΒ
1918 405 2416 470 EUTHYMIUM.

3436 408 3571 473 1248

326 522 492 576 reque
522 517 606 562 est
644 508 866 578 Deipara
894 527 907 564 :
938 526 1057 580 quae
1083 511 1340 566 estaltior
1362 522 1414 565 et
1442 512 1691 582 superior
1712 509 1900 578 quavis
1927 514 1974 569 Α
2007 514 2070 566 ad
2097 513 2305 569 laudem
2340 526 2394 571 et
2429 518 2686 572 honorem
2729 534 2945 588 semper
2982 518 3219 588 Virginis
3245 527 3298 571 et
3334 516 3572 584 Deiparae

327 615 386 653 re
423 610 626 664 creata,
664 613 768 655 tam
805 618 925 670 quae
953 603 1051 656 sub
1081 613 1354 672 aspectum
1383 603 1546 666 cadit,
1579 619 1736 670 quam
1778 615 1896 670 qua:

330 707 434 746 non
467 695 628 757 cadit,
658 710 778 764 qua:
803 707 885 750 est
917 709 1074 763 pura,
1106 697 1381 762 impolluta
1406 738 1420 760 ,
1457 697 1650 747 intacta
1680 693 1854 746 Patris
1877 732 1892 756 ,

323 787 414 850 qui
451 800 547 839 nec
570 785 737 839 videri
772 825 785 850 ,
822 803 919 840 nec
949 788 1330 855 comprehendi
1383 795 1556 856 potest
1586 824 1601 850 ,
1649 786 1715 840 ab
1745 784 1892 839 omni

327 876 746 944 reprehensione
787 878 982 942 aliena,
1024 889 1076 933 et
1113 880 1474 948 pulcherrima
1498 894 1692 945 sponsa
1730 893 1745 931 :
1776 890 1893 944 qua:

321 977 405 1019 est
429 967 482 1019 in
505 968 754 1022 omnibus
780 969 1010 1035 gloriosa
1043 981 1094 1024 ct
1121 971 1424 1035 benedicta,
1466 979 1520 1021 et
1569 970 1619 1021 in
1655 969 1894 1022 bonitate

323 1065 377 1109 et
416 1055 738 1126 benignitate
759 1067 842 1112 est
877 1059 1334 1126 incomparabilis,
1385 1060 1766 1114 convenienter
1794 1057 1842 1111 ei
1877 1097 1892 1118 ,

323 1145 412 1212 qui
439 1160 505 1198 ex
530 1159 591 1198 ea
618 1157 776 1201 natus
815 1158 896 1202 est
927 1148 1068 1202 Detts
1099 1158 1150 1203 et
1189 1150 1346 1202 homo
1373 1188 1388 1212 ,
1424 1161 1476 1204 et
1507 1148 1662 1203 nobis
1702 1147 1766 1201 ad
1817 1148 1896 1199 in-

324 1235 654 1290 defit-ientem
688 1240 961 1307 proposita
993 1255 1146 1306 opem
1175 1251 1226 1293 et
1263 1240 1516 1293 salutem.

397 1325 486 1382 IX.
514 1327 579 1382 Et
601 1331 726 1397 quis
756 1346 863 1385 non
901 1331 1057 1385 hodie
1087 1331 1187 1398 (ιιι
1213 1331 1463 1399 superius
1496 1330 1765 1400 diximus)
1806 1345 1868 1385 ac

323 1417 492 1470 currit
523 1419 590 1473 ad
616 1420 978 1476 venerabilem
1012 1438 1182 1488 zonze,
1203 1439 1320 1492 qum
1347 1437 1561 1492 semper
1619 1425 1795 1484 lucet,
1843 1432 1896 1475 et

323 1509 469 1563 omni
495 1525 558 1563 ex
583 1519 738 1580 parte
767 1514 1091 1582 resplendet,
1127 1515 1551 1578 venerationem,
1584 1524 1637 1568 et
1662 1515 1727 1568 ad
1755 1515 1895 1568 hanc

323 1601 484 1669 longe
511 1603 870 1658 clarissimam
895 1617 948 1660 et
978 1605 1394 1660 illustrissimam
1421 1604 1536 1672 ejus
1565 1605 1892 1660 ornatissimi

321 1704 377 1750 et
405 1708 436 1748 ι
467 1695 574 1748 Deo
609 1696 808 1749 conditi
843 1695 1024 1766 templi
1062 1697 1488 1752 dedicationem?
1537 1697 1704 1752 llodie
1748 1700 1891 1752 enim

323 1787 716 1842 admirabiliter
732 1790 888 1841 ambo
921 1788 1076 1843 simul
1101 1791 1517 1858 suntproposita
1552 1793 1615 1842 ad
1654 1790 1892 1844 ltetitiarn

323 1877 590 1940 ﬁdelibus,
618 1878 708 1946 qui
735 1887 878 1933 recte
908 1880 1169 1946 sentiunt,
1201 1891 1253 1934 et
1287 1881 1376 1949 qui
1423 1896 1549 1934 vere
1589 1897 1707 1935 eam
1759 1897 1894 1936 con-
1929 1857 1967 1909 Β

323 1967 568 2032 ﬁtentur,
596 1978 651 2022 et
675 1971 899 2022 adorant
931 1984 1111 2023 veram
1146 1970 1452 2040 Deiparam,
1478 1981 1534 2024 ut
1571 1986 1688 2040 quae
1737 1986 1894 2039 pope-

322 2062 394 2115 rit
421 2077 582 2128 super
607 2061 891 2115 essentiale
919 2060 1153 2115 Verbum
1203 2063 1295 2116 Dei
1335 2061 1511 2116 Patris
1533 2102 1548 2124 ,
1581 2063 1671 2131 qui
1711 2065 1894 2131 nequit

321 2151 729 2218 comprehendi.
762 2149 825 2206 Et
861 2152 952 2220 qui
995 2167 1103 2206 non
1134 2162 1217 2206 est
1241 2154 1312 2206 ita
1336 2151 1584 2216 allectus,
1608 2160 1662 2206 ct
1684 2168 1791 2207 non
1822 2156 1892 2207 ita

320 2248 592 2314 opinatur,
614 2257 671 2300 ut
697 2247 852 2314 paulo
875 2256 1001 2300 ante
1025 2246 1367 2312 scripsimus,
1395 2261 1556 2300 voces
1585 2253 1896 2299 mutuantcs

320 2354 384 2394 cx
419 2339 656 2410 paternis
687 2339 994 2408 praeceptis,
1021 2339 1092 2392 sit
1123 2339 1436 2392 anathema.

390 2429 463 2484 Χ,
504 2429 672 2484 Hodie
731 2431 978 2484 laetantur
1040 2430 1254 2498 angeli,
1318 2429 1551 2498 gaudent
1599 2429 1894 2494 Cherubin,

321 2519 515 2591 gaudio
545 2518 846 2574 adiciuntur
877 2518 1386 2583 Seraphin,'l‘lironi
1406 2529 1456 2572 et
1489 2519 1897 2572 Dominationes

321 2620 502 2666 mente
545 2611 824 2665 nobiscum
875 2610 1167 2663 exsultant.
1210 2608 1529 2672 Transilias,
1583 2624 1615 2662 ο
1652 2620 1727 2672 ιιι,
1763 2624 1893 2677 pura

320 2710 500 2756 mente
527 2701 725 2756 arthera
755 2711 807 2755 et
830 2701 1047 2766 coelum,
1067 2702 1206 2769 quod
1237 2684 1382 2754 illum
1415 2702 1896 2768 superat,puris-et

319 2796 485 2849 castis
514 2794 703 2856 oculis,
733 2802 786 2848 ct
816 2793 1021 2847 vidi-bis
1073 2794 1177 2845 vim
1211 2808 1437 2858 eorum,
1465 2808 1586 2862 qua:
1619 2793 1891 2846 dicuntur.

319 2883 430 2938 Nec
459 2884 693 2938 mireris.
733 2882 862 2935 Nam
915 2885 956 2936 si
995 2883 1173 2935 studio
1220 2891 1271 2935 et
1304 2881 1579 2949 diligentia
1637 2881 1797 2936 bmno
1833 2881 1892 2935 ﬁt

320 2975 487 3041 Deus,
525 2975 734 3044 (inquit
761 2973 946 3027 enim:
984 2991 1002 3024 ι
1063 2971 1170 3040 Ego
1203 2972 1336 3032 dixi,
1374 2971 1453 3023 Dii
1506 2971 1658 3033 estis,
1711 2980 1764 3023 et
1798 2971 1889 3024 lilii

321 3066 516 3122 excelsi
541 3065 764 3120 omnesII
793 3069 838 3133 ι)
873 3065 998 3134 quid
1032 3074 1111 3117 est
1143 3062 1477 3124 incredibile,
1506 3073 1591 3116 aut
1614 3078 1886 3131 magnum,

2004 606 2206 662 Mariae.
2266 609 2504 663 Laetatur
2539 611 2704 675 enim,
2741 627 2864 666 cum
2903 626 2999 666 nos
3058 610 3111 663 in
3155 610 3238 662 his
3264 607 3460 677 aspicit
3488 621 3574 659 ca-

2002 697 2238 751 Stissima
2275 699 2520 754 Domina.
2577 699 2647 754 Se
2699 701 2844 753 enim
2896 715 2959 754 ea
3023 713 3210 753 revera
3269 696 3459 759 cinxit,
3513 704 3572 749 ut

2003 791 2321 845 credimus:
2369 801 2424 846 et
2456 808 2579 846 aras
2607 794 2861 847 contrivit
2915 793 3201 853 idolorum,
3245 801 3298 843 et
3344 789 3566 843 delubra

2003 881 2248 951 gentium
2315 883 2549 950 perdidit
2600 895 2653 938 et
2697 883 3042 947 comminuit,
3080 891 3133 936 et
3167 895 3387 935 cessare
3446 878 3569 932 fecit

2003 975 2345 1028 immoderati
2382 975 2667 1044 sanguinis
2703 973 3048 1028 eﬂusionetn.
3078 972 3246 1025 Hodie
3282 986 3417 1023 zona
3452 986 3567 1023 ma-

2001 1065 2310 1133 gniﬁcetur,
2361 1080 2645 1134 perquam
2688 1079 2782 1118 aer
2839 1065 2937 1117 fuit
2987 1065 3365 1119 Sanctificatus
3399 1079 3415 1114 :
3448 1061 3566 1115 caeli

2002 1173 2211 1211 summe
2245 1157 2512 1224 refulgent
2547 1173 2562 1210 :
2592 1156 2672 1210 sol
2709 1166 2761 1210 et
2790 1156 2914 1208 luna
2950 1169 3111 1223 supra
3142 1166 3391 1207 naturam
3417 1166 3564 1207 suam

2003 1264 2147 1302 nunc
2194 1247 2468 1318 splendide
2523 1248 2702 1302 radios
2766 1255 2822 1300 et
2880 1246 3108 1316 mystice
3161 1245 3426 1297 emittunt
3465 1259 3480 1294 :
3516 1250 3570 1294 ct

2003 1341 2291 1393 universus
2339 1339 2594 1402 mundus,
2628 1339 2720 1408 qui
2752 1347 2984 1408 quatuor
3014 1337 3329 1394 continetur
3353 1334 3568 1393 finibus,

2005 1446 2299 1487 renovatur
2320 1442 2372 1486 et
2409 1432 2734 1487 illustratur.
2790 1432 2854 1484 Et
2909 1429 3080 1499 gloria
3127 1429 3199 1482 sit
3233 1429 3305 1489 ei,
3349 1427 3438 1496 qui
3475 1441 3570 1481 nos

2003 1525 2190 1592 implet
2244 1523 2296 1578 in
2362 1524 2521 1580 bonis
2546 1524 2824 1590 omnibus,
2855 1522 2920 1576 ad
2973 1521 3201 1591 gloriam
3247 1535 3361 1574 sua:
3416 1520 3542 1574 boni

2004 1615 2149 1668 tatis.

2073 1706 2216 1759 ΜΠ.
2253 1705 2420 1762 Hodie
2444 1707 2778 1777 gloriﬁcetur
2833 1723 2989 1765 zona.
3030 1723 3124 1776 per
3154 1723 3314 1775 quam
3356 1714 3568 1758 montes

2003 1800 2282 1865 exsiliunt,
2340 1809 2396 1854 et
2455 1799 2803 1867 tranquillum
2842 1814 2990 1852 mare
3027 1800 3271 1853 subridet
3331 1795 3568 1864 placide,

1999 1904 2298 1958 omnesque
2334 1889 2822 1954 summeditantur,
2861 1897 2914 1943 et
2939 1888 3119 1942 laetitia
3143 1888 3473 1950 alliciuntur,
3505 1885 3570 1936 ad

2001 1982 2224 2049 gloriam
2251 1983 2391 2048 ejus,
2424 1996 2546 2050 qua:
2579 1991 2663 2034 est
2693 1995 2914 2049 semper
2952 1979 3128 2046 virgo,
3164 1987 3218 2032 et
3247 1977 3340 2032 Dei
3375 1983 3569 2028 mater.

2001 2073 2172 2126 llodie
2200 2087 2335 2126 zona
2381 2072 2736 2140 gloriﬁcetur,
2771 2087 2865 2140 per
2893 2087 3052 2139 quam
3087 2071 3298 2140 pulchri
3337 2069 3573 2122 evadunt

1998 2162 2169 2222 ﬁuvii.
2207 2173 2262 2215 et
2293 2161 2393 2216 soli
2445 2160 2743 2228 subjectam
2777 2171 2978 2215 terram
3026 2165 3226 2228 rigant,
3251 2171 3306 2214 et
3338 2158 3569 2212 fertilem

1999 2255 2238 2308 eﬂiciunt
2271 2270 2287 2308 :
2330 2264 2385 2307 et
2447 2253 2617 2322 gloria
2652 2254 2724 2307 sit
2750 2253 2824 2317 ei,
2857 2253 2949 2320 qui
2983 2267 3078 2307 eos
3105 2252 3246 2321 regit
3277 2259 3332 2304 et
3383 2263 3483 2302 nos
3516 2247 3567 2300 in

1998 2345 2249 2397 omnibus
2273 2343 2530 2407 laetiﬁcat,
2557 2353 2612 2396 et
2636 2344 2853 2411 copiose
2883 2343 2996 2396 alit.
3019 2335 3187 2395 Hodie
3213 2348 3567 2407 proponatur,

2000 2436 2295 2488 honoretur
2347 2443 2402 2487 et
2454 2433 2711 2487 adoretur
2754 2449 2915 2496 zona,
2961 2448 3078 2500 quae
3133 2433 3312 2485 divitia
3370 2430 3568 2482 virtute

1998 2527 2166 2580 caelos
2195 2531 2436 2592 superat,
2469 2531 2520 2576 et
2560 2522 2873 2590 resplendet
2911 2523 3195 2590 plusquam
3254 2520 3387 2573 radii
3425 2520 3567 2573 sola-

2000 2632 2107 2682 rcs,
2141 2624 2435 2682 manetque
2468 2614 2680 2682 integra
2704 2622 2757 2667 et
2781 2615 2982 2665 intacta
3019 2613 3376 2681 plurimorum
3405 2605 3564 2662 anno?

2001 2722 2115 2758 rum
2141 2703 2450 2768 curriculis,
2504 2704 2980 2772 noningentorum,
3024 2706 3263 2772 inquam,
3307 2710 3401 2754 aut
3448 2714 3564 2751 am-

2017 2794 2155 2846 ilius.

2017 2808 2045 2845 »ι
2141 2833 2155 2846 .

1998 2808 2209 2936 lliislv.
2247 2882 2290 2935 Ο
2352 2880 2446 2933 Dei
2523 2881 2802 2949 mysteria,
2869 2895 2986 2947 qua:
3043 2880 3426 2948 comprehendi
3476 2895 3560 2931 ne-

1996 2987 2201 3045 queunt
2231 2995 2242 3031 :
2271 2992 2302 3029 0
2331 2976 2468 3028 dona
2501 2973 2639 3043 ejus,
2670 2988 2787 3042 qua:
2820 2989 2924 3025 non
2956 2981 3177 3042 possunt
3201 2971 3508 3041 investigari
3535 2971 3547 3020 l

1996 3066 2158 3136 Papa:
2192 3077 2362 3130 tuam,
2399 3081 2430 3117 o
2473 3066 2813 3128 intemerata,
2862 3064 3197 3129 potentiam!
3235 3063 3387 3129 Papa:
3421 3071 3557 3115 tuam

318 3158 460 3225 quod
487 3157 606 3225 quis
636 3165 880 3211 versatus
903 3173 1022 3210 cum
1049 3155 1274 3224 angelis,
1296 3170 1417 3223 qua:
1445 3155 1552 3207 illic
1579 3163 1705 3207 sunt
1728 3155 1889 3219 bona,
1924 3179 1965 3236 ο
2000 3158 2063 3209 ad
2094 3156 2285 3209 Filium
2319 3164 2472 3208 tuum
2509 3156 2712 3220 abeque
2745 3154 2851 3207 ullo
2884 3155 3246 3207 intercessore
3279 3151 3554 3205 fiduciam!

319 3249 494 3303 videat
525 3249 897 3318 intelligentia,
930 3259 983 3303 et
1014 3250 1064 3302 in
1113 3249 1176 3303 iis
1209 3264 1268 3303 se
1301 3249 1523 3302 omnino
1556 3250 1806 3300 extendat
1839 3257 1894 3300 et

319 3342 593 3398 oblectet?
623 3343 849 3396 Abunde
883 3345 1025 3395 cnim
1058 3344 1232 3396 divina
1286 3343 1456 3410 gratia
1510 3342 1890 3410 benignitatem

319 3450 473 3489 suam
507 3435 706 3502 jugiter
733 3433 953 3488 effundit
986 3437 1072 3495 iis,
1120 3437 1207 3502 qui
1246 3449 1375 3502 pure
1425 3434 1610 3486 vivunt
1639 3445 1694 3486 et
1725 3447 1892 3486 cvan-

320 3528 512 3594 gelice.
550 3525 659 3596 Ego
691 3528 833 3580 enim
869 3527 1076 3597 (inquit
1122 3543 1270 3580 meus
1300 3525 1492 3588 Jesus)
1529 3535 1583 3578 et
1613 3527 1775 3578 Pater
1802 3539 1894 3578 ve-

320 3620 548 3684 niemus,
597 3628 650 3673 et
704 3621 1036 3673 mansionem
1084 3621 1221 3687 apud
1249 3634 1370 3671 eum
1429 3617 1709 3670 faciemus.
1763 3616 1892 3671 Vide

319 3724 473 3780 ergo,
506 3711 626 3764 vide
680 3711 1128 3779 quemadmodum
1166 3711 1487 3763 inhabitalio
1523 3708 1804 3762 Trinitatis
1838 3708 1890 3760 in

322 3801 631 3857 hominibus
690 3802 860 3871 major
917 3800 1028 3864 ﬁat,
1091 3815 1251 3868 quam
1313 3797 1660 3867 contemplari
1714 3797 1892 3864 possi-

318 3907 455 3946 IllllS.

389 3982 480 4037 Xl.
515 3981 683 4036 llodie
709 3996 837 4050 ergo
867 3997 894 4034 a
924 3980 1076 4034 nobis
1131 3994 1343 4048 quoque
1390 3980 1684 4032 honoretur
1733 3994 1887 4042 zona,

319 4091 438 4146 qua:
467 4085 546 4128 est
572 4075 792 4128 omnino
821 4089 849 4125 a
881 4071 990 4125 Deo
1034 4071 1266 4124 maxime
1298 4070 1655 4136 illustrata,et
1683 4085 1892 4124 summe

319 4165 747 4231 admirabilis,et
798 4163 954 4217 valde
995 4164 1320 4217 veneranda.
1375 4161 1541 4217 llodie
1597 4163 1892 4216 honoretur

319 4273 479 4321 zona,
513 4271 618 4324 qua
678 4255 949 4310 succincta
988 4252 1087 4306 fuit
1136 4254 1506 4323 laudatissigrra
1559 4253 1805 4320 Deipara,
1838 4263 1892 4308 et

317 4347 872 4404 fraudulentissimum
925 4347 1211 4398 draconem
1262 4359 1482 4412 peream
1512 4345 1892 4412 snﬁ‘ocavit,et

317 4437 488 4495 nostri
515 4439 726 4508 generis
751 4445 996 4490 auctores
1021 4452 1048 4487 a
1077 4436 1221 4504 gravi
1247 4437 1516 4490 revocavit
1546 4438 1755 4493 exsilio.
1785 4439 1890 4493 Ho-

2003 3246 2070 3299 Et
2102 3247 2247 3314 quis,
2305 3261 2337 3297 o
2389 3244 2639 3308 Domina,
2684 3244 2920 3313 potuerit
2973 3245 3106 3296 satis
3155 3242 3239 3296 vel
3291 3242 3470 3309 aliqua
3496 3256 3557 3293 ex

1999 3351 2154 3413 parte
2194 3340 2414 3393 laudare
2469 3339 2610 3392 hanc
2656 3337 2967 3406 praclarum
2995 3377 3008 3400 ,
3055 3345 3108 3390 et
3169 3351 3298 3390 vere
3352 3348 3558 3401 semper

2000 3435 2280 3487 colendam
2308 3431 2676 3485 celebritatem
2708 3430 2730 3482 ?
2761 3429 2824 3481 Et.
2852 3430 3087 3497 przebcte
3110 3429 3328 3496 quidem
3361 3441 3512 3480 aures
3542 3442 3554 3477 :

1997 3543 2115 3580 sum
2141 3525 2283 3577 enim
2326 3522 2663 3576 admirabilia
2695 3522 2967 3574 dicturus.
3020 3519 3176 3577 Nam.
3216 3529 3274 3570 ut
3301 3518 3553 3585 scriptum

2000 3617 2326 3680 invenimus,
2381 3615 2434 3668 in
2483 3613 2804 3666 admiranda
2839 3621 2892 3666 et
2919 3627 3134 3680 semper
3192 3610 3555 3676 resplendente

1997 3723 2146 3770 arca,
2183 3708 2235 3760 in
2273 3723 2374 3775 qua
2409 3717 2490 3758 est
2533 3707 2770 3773 pretiosa
2828 3705 2939 3757 haec
2997 3716 3130 3755 zona
3192 3700 3487 3760 recondita,
3527 3713 3552 3748 a

1999 3811 2242 3867 tempore
2271 3797 2552 3861 Archadii,
2594 3798 2684 3865 qui
2719 3797 2845 3850 olim
2883 3793 3168 3863 imperavit
3204 3791 3257 3843 in
3288 3791 3389 3843 fide
3419 3801 3555 3842 recte

1997 3889 2484 3956 sentiens,qnique
2524 3888 2622 3941 fuit
2659 3888 2798 3941 [ilius
2835 3885 3015 3954 magni
3043 3883 3206 3942 illius,
3238 3880 3411 3947 etqui
3453 3880 3553 3931 vir-

1999 3984 2202 4037 tutibus
2262 3980 2496 4043 refulsit,
2529 3980 2847 4043 Theodosii,
2885 3978 2972 4031 hic
3005 3975 3103 4029 fuit
3135 3973 3371 4043 reposita
3403 3971 3554 4023 trice-

1996 4075 2134 4129 simo
2164 4072 2339 4141 primo
2385 4070 2562 4123 ultimi
2594 4069 2752 4135 huius
2811 4067 3036 4128 mensis,
3085 4065 3345 4133 salvaque
3399 4063 3555 4116 illaesa

1997 4163 2298 4234 impolluta,
2334 4172 2394 4216 ut
2435 4161 2663 4225 videtis,
2696 4160 2992 4229 permansit
3025 4173 3199 4226 usque
3232 4157 3287 4209 in
3346 4153 3558 4208 hodier-

1998 4273 2125 4310 num
2153 4255 2317 4318 diem,
2357 4253 2505 4306 nullo
2545 4252 2705 4304 modo
2764 4251 2987 4313 fcedata,
3027 4259 3118 4302 aut
3158 4245 3438 4305 oﬂ'uscata,
3468 4252 3556 4296 aut

1994 4348 2111 4416 ejus
2160 4347 2338 4400 colore
2394 4345 2504 4397 ullo
2574 4343 2730 4397 modo
2790 4350 3018 4404 mutato,
3047 4341 3141 4393 sed
3203 4334 3554 4404 resplendens

1998 4456 2162 4510 supra
2214 4439 2414 4502 nivem,
2467 4447 2522 4490 et
2551 4445 2807 4504 tanquam
2840 4433 2998 4487 modo
3031 4448 3098 4484 ex
3153 4432 3374 4484 coccino
3414 4427 3552 4478 labo-

318 4531 408 4586 die
443 4530 736 4585 honoretur
763 4543 896 4580 zona
927 4542 1086 4593 quam
1115 4527 1292 4597 Ipsum
1317 4542 1528 4596 quoque
1553 4529 1881 4598 unigenitum
1920 4530 1963 4584 D
1998 4543 2136 4592 rata,
2173 4531 2251 4582 sic
2287 4538 2372 4582 est
2407 4527 2704 4597 proposita,
2740 4526 2940 4578 virtute
2990 4523 3166 4577 sancti
3192 4530 3248 4575 et
3282 4517 3477 4572 viviﬁci
3503 4523 3553 4568 et

317 4617 412 4673 Dei
465 4617 702 4673 Verbum
759 4616 1104 4671 ineﬁ‘abiliter
1145 4631 1211 4669 ex
1274 4617 1384 4684 ipsa
1439 4631 1606 4668 carne
1647 4626 1876 4680 tectum,

318 4710 586 4780 quomodo
618 4710 736 4778 ipse
765 4708 910 4762 solus
942 4708 1115 4770 novit,
1145 4707 1337 4770 tenuit,
1359 4716 1413 4760 et
1441 4716 1523 4759 est
1544 4708 1880 4774 complexus,

320 4802 496 4854 adhuc
550 4803 905 4871 corporaliter
953 4811 1176 4871 propter
1209 4810 1422 4855 aetatem
1446 4814 1505 4853 se
1537 4816 1732 4869 gerens
1755 4816 1884 4869 pue-

321 4893 520 4957 riliter,
566 4900 619 4946 et
645 4901 703 4946 ut
757 4906 890 4960 puer
924 4891 1062 4945 solet
1115 4890 1317 4953 facere,
1375 4891 1704 4956 balbutiens,
1739 4901 1794 4946 et
1827 4892 1920 4969 in‘

318 4992 564 5038 materno
595 4983 801 5051 gremio
829 4982 1183 5051 requiescens
1213 4989 1266 5035 et
1297 4982 1579 5036 exsiliens.

390 5071 509 5128 ΧΠ.
552 5071 729 5127 Hodie
765 5073 865 5142 ipsi
897 5087 1131 5142 quoque,
1165 5073 1408 5142 inquam,
1442 5074 1604 5142 primi
1634 5075 1729 5130 Dei
1778 5077 1882 5130 mi-

318 5161 504 5224 nistri,
538 5161 664 5217 licet
686 5177 793 5217 non
818 5162 1121 5228 videantur,
1146 5177 1265 5217 eam
1298 5163 1550 5230 adorant,
1576 5175 1630 5221 et
1652 5170 1878 5222 maxima

322 5256 513 5309 colunt
549 5256 906 5309 veneratione
941 5263 995 5308 et
1022 5269 1218 5308 arcane
1245 5270 1351 5309 una
1381 5256 1663 5313 nobiscum
1697 5260 1885 5315 laetan-

319 5351 430 5399 tur.
461 5343 635 5399 Hodie
662 5359 690 5397 a
726 5344 882 5399 nobis
920 5342 1084 5397 etiam
1114 5345 1345 5398 terrenis
1367 5345 1646 5412 adoretur,
1682 5360 1737 5403 et
1768 5367 1884 5405 ma-

320 5436 608 5506 gniﬁcetur
647 5436 764 5490 haec
822 5449 958 5490 zona
1024 5436 1090 5490 ad
1120 5433 1344 5505 gloriam
1398 5437 1535 5506 ejus,
1590 5439 1681 5507 qui
1721 5456 1882 5512 supra

319 5527 586 5581 rationem
621 5525 723 5580 fuit
765 5540 931 5579 carne
983 5525 1243 5580 indutus:
1276 5535 1331 5580 et
1354 5529 1408 5597 (ο
1441 5531 1722 5600 mysteria,
1764 5549 1883 5602 quae

316 5618 698 5688 comprehendi
760 5621 1057 5690 nequeunt)
1102 5619 1264 5674 hodie
1295 5621 1679 5689 magnitlcetur
1745 5643 1881 5684 zona

425 5804 446 5836 ⁸
475 5803 595 5860 l’sal
642 5821 826 5871 Lxxm,
861 5805 911 5860 6.
1029 5805 1048 5835 ⁸
1087 5805 1227 5860 Psal.
1264 5821 1403 5869 thv,
1441 5807 1523 5860 tl.

1989 4623 2248 4677 adorandi
2283 4619 2538 4689 Spiritus.

2057 4709 2174 4765 XV.
2206 4710 2266 4764 Ei
2295 4719 2475 4764 autem
2503 4719 2752 4778 prompto
2786 4720 2843 4765 et
2873 4708 3039 4764 alacri
3070 4705 3257 4760 animo
3278 4701 3548 4755 ﬂectamus

1986 4819 2180 4872 genua,
2232 4800 2502 4870 lacrymas
2557 4800 2845 4854 fundamus
2867 4815 2976 4870 prae
3020 4797 3229 4860 laetitia,
3261 4803 3390 4847 ante
3422 4804 3533 4844 eam

1989 4907 2216 4958 stemus,
2249 4904 2305 4947 et
2357 4893 2590 4947 ﬁdeliter
2650 4907 2844 4946 omnes
2904 4889 3316 4945 sanctiﬁcemur
3362 4882 3546 4944 oculis,

1990 4987 2180 5052 labris,
2240 4985 2539 5052 frontibus,
2591 4987 2864 5052 manibus,
2898 5001 3019 5040 eam
3073 4998 3198 5038 cum
3253 4990 3401 5035 metu
3442 4987 3550 5030 tan-

1989 5088 2197 5147 gentes,
2252 5085 2308 5131 et
2349 5078 2400 5130 in
2443 5076 2610 5130 altum
2668 5077 3013 5140 extollentes,
3067 5083 3124 5129 et
3151 5073 3230 5127 sic
3265 5072 3542 5126 dicentes:

2002 5187 2020 5220 ι
2060 5170 2220 5236 Audi,
2273 5167 2401 5233 ﬁlia,
2427 5177 2482 5223 et
2511 5167 2654 5232 vide,
2695 5175 2751 5222 et
2808 5166 3008 5220 inclina
3059 5179 3244 5218 aurem
3280 5172 3423 5216 tuam
3445 5161 3484 5212 ⁸.
3518 5178 3535 5208 ι

1993 5258 2157 5313 Vides
2211 5258 2382 5320 enim,
2442 5257 2590 5312 vides
2645 5271 2770 5311 ante
2825 5256 2991 5325 pedes
3039 5254 3418 5323 pulcherrima:
3451 5259 3543 5303 ture

1987 5365 2163 5419 capsa:
2193 5364 2292 5404 nos
2316 5364 2507 5404 omnes
2538 5350 2794 5404 ardenter
2818 5348 3070 5413 volutari,
3105 5354 3160 5401 et
3188 5355 3338 5400 tuum
3374 5353 3545 5413 postn.

1989 5443 2105 5496 lare
2154 5441 2436 5504 auxilium,
2508 5449 2893 5507 exspectantes
2950 5451 3095 5494 tuam
3155 5434 3540 5495 defensionem,

1991 5549 2141 5592 tuutn
2177 5536 2230 5590 in
2273 5535 2524 5591 omnibus
2565 5535 2886 5591 invocantes
2933 5533 3317 5604 patrocinium.
3368 5529 3542 5598 Itaque

1991 5638 2068 5696 ut,
2106 5629 2232 5683 dum
2277 5627 2366 5685 hic
2393 5629 2612 5700 quidem
2641 5643 2946 5697 manemus,
2983 5641 3081 5684 nos
3115 5634 3391 5696 protegas,
3427 5633 3544 5690 sup—
