3960 6590
384 484 512 547 1212’)
1368 476 1626 537 SERth
1666 476 1761 534 DE
1784 474 1974 534 ZONA
2021 473 2126 534 SS.
2173 474 2548 534 DEIPAR/E.
3473 457 3610 526 12ὖο

377 597 636 665 plicatuus
673 609 686 643 :
730 604 919 644 rursus
958 598 1164 653 autem,
1204 601 1282 653 ut,
1313 604 1435 642 cum
1497 590 1848 650 excedemus,
1889 586 1942 639 itt
1975 591 2017 645 Α
2048 607 2173 658 gno,
2227 594 2330 645 erit
2389 602 2645 661 tanquam
2700 603 2761 644 os
2812 601 2988 643 meum
3008 587 3051 640 ⁷.
3112 581 3282 639 Hodie
3327 578 3612 635 dedicatur

376 685 578 740 aedibus
602 696 821 751 semper
853 682 1163 736 viventibus
1189 693 1244 733 et
1278 681 1567 736 luminosis
1610 682 1942 743 habitemus,
2051 684 2308 752 templum
2342 699 2532 753 purum
2571 690 2624 736 et
2675 681 2941 751 integrum
2968 678 3215 749 gloriosa:
3253 673 3341 727 Dei
3375 672 3519 733 lilia.
3552 670 3606 723 in

374 778 746 831 obsecramus.
779 772 981 827 Contra
1003 784 1181 827 autem
1219 774 1376 828 nobis
1407 785 1592 840 parcat
1619 782 1750 825 tuus
1778 770 1945 824 Filius

2091 776 2192 829 uod
2222 780 2386 829 etiam
2426 776 2486 839 ii,
2536 774 2627 841 qui
2673 773 2878 827 suntin
2910 769 3182 825 montibus
3218 778 3271 820 et
3318 761 3615 833 speluncis,

375 876 431 921 et
459 867 620 931 Deus,
654 865 987 934 perennibus
1032 866 1138 919 tuis
1187 865 1556 919 orationibus.
1614 862 1759 918 Nihil
1803 862 1945 913 enim
2052 883 2213 921 curs“
2245 869 2546 928 venientes,
2580 882 2646 922 ex
2673 867 2810 920 bona
2854 866 2994 917 fama
3026 877 3150 916 ossa
3204 860 3286 928 (ιη
3316 853 3618 910 (ιίςίιδοι-Ῐσ

377 966 481 1018 est,
519 956 661 1024 quod
692 956 785 1009 tibi
810 956 879 1010 sit
899 956 1307 1024 impedimento,
1333 972 1364 1010 ο
1389 955 1670 1025 impolluta
1701 952 1950 1009 Domina.

380 1047 518 1099 Ecce
552 1045 699 1098 enim
751 1055 873 1115 post
904 1054 1056 1099 tuum
1103 1048 1298 1099 festum
1324 1049 1579 1115 pretiosa:
1610 1057 1711 1098 tuae
1735 1055 1787 1097 et
1820 1044 1952 1095 ado-

382 1137 564 1189 randae
596 1151 762 1199 zonae,
800 1135 959 1203 hujus
988 1152 1200 1205 quoque
1230 1138 1302 1189 tui
1340 1136 1522 1205 templi
1552 1135 1951 1191 dedicationem

381 1229 731 1283 concorditer
759 1229 1091 1297 peragitnus,
1140 1240 1194 1283 ut
1216 1229 1306 1297 qui
1332 1228 1505 1283 simus
1539 1228 1679 1282 servi
1707 1236 1765 1281 et
1799 1224 1950 1280 debi-

385 1329 559 1383 tores,
595 1334 627 1373 o
667 1320 891 1386 optima.
926 1318 1156 1387 Respice
1208 1334 1396 1374 servos
1434 1328 1578 1381 tuos,
1630 1318 1861 1385 respice.
1893 1316 1951 1369 In

385 1424 435 1466 te
480 1412 628 1465 enim
660 1426 847 1465 omnes
885 1428 1032 1480 spem
1089 1424 1329 1466 nostram
1372 1414 1782 1474 collocavitntts,
1819 1419 1871 1464 et
1902 1408 1953 1463 itt

386 1512 434 1553 te
468 1500 720 1562 vivimus,
754 1510 806 1553 et
844 1500 1161 1569 gloriantur,
1206 1511 1258 1554 et
1289 1517 1501 1555 sumus.
1534 1500 1751 1553 Scimus
1788 1499 1956 1560 enim,

382 1593 591 1645 scimus
646 1590 782 1655 fore,
808 1597 865 1644 ut
904 1608 1006 1645 non
1052 1592 1151 1646 hac
1189 1605 1375 1646 nostra
1417 1592 1739 1645 frustrentur
1770 1605 1961 1658 exsitc-

382 1685 649 1747 ctatione,
714 1694 806 1736 aut
850 1682 1121 1744 fallamur,
1151 1692 1202 1735 et
1255 1683 1589 1737 cxcidamus.
1649 1682 1763 1735 'l'ua
1817 1683 1960 1735 enim

384 1789 575 1830 sumus
614 1776 927 1839 hmreditas,
960 1791 990 1827 0
1033 1774 1339 1843 impolluta,
1387 1786 1442 1829 et
1478 1778 1541 1828 ad
1568 1785 1618 1829 te
1660 1790 1817 1828 mane
1845 1790 1963 1827 sur-

384 1883 513 1937 gere
540 1876 595 1919 et
627 1858 943 1935 confugere',
976 1882 1250 1933 nunquam
1295 1881 1393 1920 nos
1427 1868 1679 1935 pigucrit.

457 1955 601 2009 XVI.
631 1956 873 2025 Agedum
901 1971 1051 2017 vero,
1086 1956 1278 2024 popule
1324 1956 1513 2017 elccte,
1553 1965 1607 2010 et
1648 1957 1757 2011 Deo
1789 1966 1961 2026 grate,
2001 1936 2038 1986 Β

386 2059 682 2117 postquam
765 2047 830 2100 de
885 2046 1190 2099 veneranda
1266 2055 1319 2098 et
1372 2047 1768 2115 pretiosissima
1830 2061 1965 2098 zona

390 2156 567 2208 pauca
601 2139 857 2201 diximus,
914 2153 1011 2205 pro
1042 2149 1227 2191 nostra
1269 2153 1488 2206 quoque
1520 2136 1731 2191 dicendi
1792 2138 1965 2189 facul—

392 2239 527 2290 tate,
561 2226 821 2281 nonttnlla
850 2227 1094 2281 dicamus
1124 2228 1191 2279 dc
1233 2226 1596 2290 dedicatione,
1644 2226 1781 2280 sicut
1814 2228 1967 2279 vobis

392 2331 519 2374 ante
556 2334 746 2373 sumus
776 2318 1023 2387 polliciti.
1046 2318 1337 2370 Dedicatttr
1368 2332 1497 2384 ergo
1527 2316 1683 2368 bodie
1711 2317 1965 2383 templum

395 2413 486 2465 Dei
513 2410 725 2473 Matris,
764 2410 907 2479 quod
942 2421 1021 2463 est
1049 2408 1475 2477 pulcherrimum
1507 2416 1563 2460 et
1600 2406 1970 2459 Iutuittosissi—

394 2520 569 2564 munt,
594 2511 650 2557 et
678 2502 817 2556 etelo
850 2509 1031 2570 potest
1075 2499 1424 2567 atquiparari.
1482 2497 1655 2551 llodic
1685 2496 1972 2550 dedicatur

396 2596 658 2663 templum
697 2597 933 2648 maxime
961 2592 1263 2647 benedicta:
1304 2591 1399 2644 Dei
1460 2591 1604 2653 filim,
1640 2589 1691 2641 itt
1733 2602 1841 2657 quo
1872 2603 1970 2639 au-

397 2690 646 2755 gelorttm
698 2690 971 2743 exercitus
1024 2690 1243 2742 assidue
1304 2687 1646 2749 ministrant,
1704 2692 1759 2737 et
1828 2682 1972 2736 circa

402 2796 625 2847 semper
652 2780 1021 2849 splendentem
1078 2794 1294 2845 capsant
1318 2793 1441 2831 cum
1471 2777 1661 2829 timore
1690 2775 1975 2838 assistunt,

398 2874 545 2942 quod
576 2882 629 2925 et
664 2872 842 2924 fascia:
866 2871 1068 2925 Christi
1102 2872 1152 2923 itt
1190 2885 1250 2923 ea
1284 2877 1408 2920 sunt
1442 2867 1754 2927 reconditae,
1784 2875 1837 2919 et
1863 2866 1977 2917 haec

401 2980 427 3013 a
463 2962 577 3016 Deo
611 2970 858 3015 contexta
879 2976 1014 3014 zona
1050 2962 1187 3029 ejus,
1220 2974 1340 3029 qua:
1363 2959 1572 3026 peperit
1600 2955 1970 3010 itteﬂabiliter.

397 3052 589 3106 Gloria
620 3053 691 3106 sit
717 3052 789 3115 ei,
823 3052 913 3120 qui
951 3066 1048 3105 nos
1082 3051 1133 3103 itt
1165 3051 1250 3104 his
1296 3049 1501 3102 affatim
1534 3048 1691 3112 ditat,
1736 3056 1790 3100 et
1821 3045 1981 3099 refri-

400 3156 583 3216 gerat,
617 3154 669 3200 et
726 3160 753 3197 a
797 3143 980 3197 multis
1019 3142 1174 3196 malis
1206 3142 1421 3203 liberat,
1456 3153 1649 3206 nempe
1694 3148 1749 3193 et
1797 3152 1861 3191 ex
1897 3137 1982 3189 in-

2054 956 2229 1027 ptura)
2273 957 2701 1028 pinguefaciente
2722 957 2765 1022 ⁸,
2800 969 2983 1009 amore
3040 966 3278 1006 amorem
3310 950 3617 1003 assumunt,

2056 1059 2109 1101 et
2142 1048 2244 1101 lmti
2307 1048 2525 1101 domum
2576 1049 2801 1110 vadunt,
2860 1057 3073 1112 semper
3145 1037 3379 1106 Virginis
3438 1033 3624 1088 Mariae

2059 1153 2330 1195 summum
2391 1140 2644 1205 templum
2708 1138 3063 1192 honorantes.
3137 1130 3307 1184 llotlie
3363 1125 3621 1191 templum

2059 1233 2333 1285 dedicatur
2376 1232 2517 1284 illius
2550 1231 2890 1293 ρίιειίεεριῐιτυ,
2927 1225 3138 1295 templis
3188 1219 3441 1276 omnibus
3467 1228 3630 1283 supe-

2059 1324 2191 1385 rius,
2227 1325 2279 1377 itt
2313 1338 2416 1391 quo
2447 1322 2660 1389 plurimi
2690 1336 2750 1374 ex
2787 1321 2871 1383 iis,
2903 1319 2992 1387 qui
3025 1329 3147 1370 sunt
3178 1312 3362 1385 polluti
3393 1306 3632 1377 peccatis

2061 1416 2420 1484 gravissimis,
2455 1417 2679 1467 redeunt
2715 1415 2777 1464 ad
2806 1413 3058 1480 pietatem
3094 1416 3147 1461 et
3182 1418 3447 1461 summam
3479 1399 3631 1470 puri-

2062 1516 2252 1570 tatem,
2297 1517 2349 1560 et
2412 1507 2546 1559 littnt
2581 1504 2813 1573 aequales
2862 1502 3085 1570 angelis.
3135 1499 3306 1552 llodie
3351 1495 3635 1551 dedicatur

2066 1601 2321 1668 templum
2381 1596 2669 1665 patrocinii
2706 1605 2761 1648 et
2795 1592 3127 1646 defensionis
3157 1589 3627 1645 Christianorum,

2067 1694 2119 1746 in
2153 1707 2259 1759 quo
2294 1692 2327 1743 ii
2358 1693 2543 1754 etiam,
2582 1688 2671 1758 qui
2702 1688 2903 1756 optime
2943 1685 3151 1747 vivunt,
3189 1681 3492 1735 redduntur
3518 1678 3631 1732 for-

2070 1782 2351 1844 tnosiores,
2387 1790 2440 1833 et
2486 1781 2603 1833 luce
2656 1780 2827 1831 lucem
2888 1776 3185 1844 accipiunt,
3242 1770 3489 1827 exornati
3530 1769 3637 1821 ltu-

2072 1876 2314 1935 militate,
2348 1871 2437 1940 qui
2470 1871 2747 1925 Christum
2797 1868 3102 1921 imitantur.
3168 1862 3341 1917 Hodie
3379 1859 3635 1929 templum

2078 1967 2359 2018 dedicatur
2412 1962 2816 2023 laudatissimm,
2872 1967 2925 2013 et
2973 1960 3041 2011 ab
3096 1956 3245 2010 omni
3302 1954 3424 2007 labe
3454 1951 3642 2005 aliena:

2072 2058 2278 2125 puella',
2317 2056 2367 2106 itt
2417 2056 2558 2121 quod
2588 2053 2897 2119 quicunque
2947 2047 3247 2115 ingreditur
3280 2054 3335 2097 et
3374 2040 3644 2097 desiderio

2073 2162 2126 2204 et
2152 2149 2273 2212 lidc,
2307 2158 2359 2199 et
2388 2162 2449 2199 ea
2486 2144 2751 2202 enuntiat,
2783 2156 2901 2209 qua:
2948 2139 3013 2191 ab
3046 2153 3109 2191 eo
3142 2137 3277 2189 facta
3310 2142 3435 2187 sunt
3463 2129 3647 2201 gravi-

2079 2253 2179 2302 ter,
2240 2248 2291 2291 et
2357 2239 2646 2290 confitetur
2708 2249 2766 2287 se
2810 2241 3213 2301 amputaturum
3271 2243 3335 2281 ea
3366 2239 3488 2295 quas
3521 2228 3647 2274 sunt

2082 2333 2327 2392 molesta,
2361 2327 2539 2399 statim
2569 2325 2621 2393 (0
2646 2323 2966 2378 miraculum
2991 2324 3030 2388 !)
3062 2318 3263 2373 invenit
3297 2313 3645 2373 solutionem,

2080 2434 2132 2477 ct
2162 2421 2341 2475 cordis
2367 2418 2808 2473 exsultationem.
2839 2415 2983 2465 Dixit
3010 2411 3177 2471 enim,
3210 2406 3407 2473 inquit,
3437 2402 3651 2455 «Eunu-

2079 2514 2224 2567 tiabo
2255 2522 2442 2565 contra
2497 2525 2582 2561 me
2638 2506 2978 2572 iniquitatem
3027 2515 3202 2553 meam
3242 2494 3468 2549 Domino
3514 2502 3566 2548 et
3593 2501 3648 2547 tu

2082 2603 2336 2659 remisisti
2366 2601 2697 2669 impietatem
2736 2596 2917 2649 cordis
2953 2593 3125 2646 mei’.
3163 2609 3180 2641 ι

2154 2699 2319 2752 llodie
2370 2697 2628 2765 templum
2668 2693 2813 2747 omni
2843 2706 2907 2745 ex
2944 2697 3095 2759 parte
3155 2685 3451 2740 benedicta:
3479 2689 3533 2734 et
3562 2694 3655 2734 ve-

2083 2792 2334 2844 nerandae
2369 2788 2811 2851 adolescentulzc,
2843 2794 2897 2838 et
2925 2783 3314 2851 prophetarum
3353 2774 3652 2835 coronitlis,

2083 2894 2165 2937 est
2227 2882 2581 2936 dedicatum:
2638 2879 2688 2932 itt
2724 2892 2830 2945 quo
2877 2876 3161 2943 eriguntur
3213 2867 3517 2938 paralytici,
3560 2864 3655 2945 qui

2085 2991 2189 3029 non
2217 2974 2419 3037 vident,
2452 2972 2625 3025 visum
2658 2970 2943 3035 recipiunt,
2968 2976 3019 3021 et
3047 2966 3135 3035 qui
3166 2966 3393 3018 horrore
3423 2974 3485 3013 ac
3513 2955 3652 3013 febri

2087 3070 2356 3130 laborant,
2405 3073 2684 3116 curantur.
2752 3063 2845 3115 Est
2896 3061 3041 3115 enim
3128 3070 3343 3123 semper
3399 3049 3655 3121 perennis

2088 3160 2365 3225 scaturigo
2428 3156 2543 3225 ejus
2611 3152 3018 3208 miraculorum.
3082 3148 3385 3205 Ilodienos
3414 3156 3656 3214 quoque,

403 3237 665 3292 cursioue
721 3235 1083 3289 Barbarorum
1112 3242 1165 3288 et
1196 3233 1453 3303 gravibus
1507 3230 1627 3283 aliis
1658 3228 1978 3297 quibusdam
2010 3259 2053 3315 α
2092 3251 2182 3319 qui
2255 3250 2358 3303 huc
2404 3247 2762 3308 “currimus,
2796 3243 2862 3297 ab
2914 3239 3426 3300 innumerabilibus,
3464 3242 3518 3288 ei
3556 3232 3662 3288 8ibi

400 3330 647 3384 casibus.

483 3422 651 3477 XVII.
684 3421 849 3475 llotlie
900 3419 1245 3473 celebrantur
1296 3417 1537 3469 encatnia
1610 3422 1808 3467 nostra:
1842 3410 1986 3463 inte-

410 3525 659 3569 tneratzr.
706 3514 772 3566 Et
803 3513 921 3579 quis
975 3525 1041 3564 cx
1107 3508 1237 3561 viris
1289 3505 1598 3574 terrigenis,
1648 3512 1703 3557 et
1752 3517 1835 3565 ea,
1872 3514 1990 3567 qua:

406 3616 544 3660 sunt
578 3606 691 3669 Dei,
724 3603 1042 3664 scientibus,
1071 3616 1175 3653 non
1196 3598 1484 3659 exsilierit,
1516 3604 1569 3650 et
1599 3610 1701 3648 non
1732 3592 1990 3662 praeclare

408 3712 580 3766 supra
619 3696 793 3749 nivem
830 3692 1113 3747 dealbatus
1149 3690 1336 3753 fuerit,
1368 3696 1423 3742 et
1454 3687 1637 3741 animo
1664 3694 1719 3740 et
1750 3684 1991 3737 moribus

410 3789 702 3845 mutatus?
734 3788 809 3839 Ita
843 3786 987 3839 enim
1022 3786 1073 3838 in
1111 3785 1217 3852 [his
1248 3784 1453 3837 erimus
1488 3780 1605 3835 sine
1648 3777 1907 3847 periculo,
1946 3774 1990 3829 si

421 3883 665 3935 maxime
707 3895 827 3932 cum
865 3887 1009 3931 metu
1045 3884 1099 3929 et
1130 3883 1364 3928 tremore
1393 3880 1447 3925 et
1495 3867 1720 3938 spiritali
1757 3866 1993 3920 exsulta-

422 3972 573 4025 tione
637 3971 688 4022 itt
741 3968 791 4021 id
822 3965 1214 4035 ingrediamur.
1251 3961 1420 4015 llodie
1439 3957 1695 4024 templum
1717 3952 1999 4007 dedicatur

420 4064 589 4133 hujus
622 4061 865 4132 gloriosae
920 4058 1011 4112 Dei
1066 4054 1256 4108 Matris
1288 4054 1340 4107 itt
1377 4050 1518 4120 quod
1561 4048 1628 4101 ab
1678 4046 1902 4102 Oriente
1945 4052 1999 4095 et

420 4154 737 4216 Occidente,
774 4167 801 4203 a
842 4147 1222 4216 Septentrione
1249 4153 1303 4198 et
1326 4142 1484 4203 mari,
1520 4153 1709 4192 omnes
1745 4135 1999 4189 ardenter

421 4260 481 4301 ει
510 4246 736 4301 fideliter
762 4243 1039 4297 conlinunt
1064 4248 1120 4294 et
1154 4236 1426 4306 spiritales
1448 4232 1627 4288 cultus
1656 4238 1775 4284 cum
1808 4228 2001 4281 timore

426 4347 718 4411 peragunt,
742 4346 794 4389 et
831 4337 997 4388 Deum
1025 4348 1091 4387 ex
1120 4333 1283 4386 corde
1318 4344 1425 4382 non
1459 4332 1675 4380 cessant
1699 4320 2002 4393 glorificare

426 4450 459 4487 a
501 4430 674 4484 media
728 4437 903 4489 nocte,
944 4433 1109 4493 atque
1160 4422 1297 4475 adeo
1350 4425 1609 4488 perpetuo
1661 4420 1910 4482 prompto
1952 4418 2006 4463 et

426 4521 603 4576 alacri
658 4519 878 4581 animo,
930 4512 1220 4568 assimilari
1276 4507 1481 4577 angelis
1536 4513 1590 4558 et
1642 4499 2000 4569 archangelis.

2095 3340 2322 3394 invicem
2355 3335 2773 3392 succedentibus
2796 3331 3176 3387 afﬂictionibus
3207 3371 3220 3394 ,
3257 3338 3309 3383 et
3334 3323 3668 3395 turpissimis

2095 3431 2463 3500 improborum
2499 3429 2780 3482 hominum
2816 3423 3122 3478 maledictis
3181 3418 3415 3480 liberati.
3451 3432 3498 3471 et
3536 3415 3665 3470 tecti

2094 3524 2195 3578 sub
2227 3522 2326 3575 alis
2350 3522 2463 3590 ejus
2491 3517 2918 3579 intercessionis,
2943 3514 3337 3585 suppeditatum
3373 3510 3663 3569 rationem,

2094 3623 2147 3669 et
2185 3613 2463 3681 sapientia:
2496 3613 2859 3679 cognitionem
2894 3610 3123 3676 desuper
3145 3622 3173 3659 a
3201 3605 3308 3660 filio
3334 3620 3395 3658 ex
3434 3618 3496 3657 ea
3520 3612 3666 3664 nato,

2097 3722 2193 3775 per
2227 3706 2397 3773 ipsam
2426 3704 2796 3763 admittentes,
2834 3715 2955 3753 cum
3007 3698 3150 3767 loqui
3204 3697 3342 3765 jussi
3385 3696 3668 3757 fuerimus,

2097 3798 2214 3851 sine
2244 3797 2625 3864 itttpeditnento
2656 3794 2954 3847 clamcmus
2985 3807 3050 3844 ex
3082 3790 3267 3854 corde,
3323 3787 3621 3842 clantetuus
3651 3802 3668 3839 :

2098 3889 2174 3943 Ne
2204 3886 2456 3943 assiduas
2497 3896 2712 3939 nostras
2759 3898 2951 3952 preces
2984 3882 3258 3950 repudies,
3292 3894 3359 3934 ne
3390 3868 3671 3949 repudies,

2099 3982 2503 4035 oiutetuerata.
2564 3975 2799 4029 Defemle
2849 3989 2947 4028 nos
2975 3970 3275 4027 secundum
3315 3986 3564 4039 magnam
3618 3978 3674 4023 et

2100 4073 2374 4140 copiosam
2430 4067 2863 4123 miscricordiam
2895 4076 3065 4129 tuam,
3098 4078 3132 4118 ο
3182 4062 3431 4117 Domina.
3465 4060 3674 4127 Frange

2103 4164 2417 4220 schedulam
2470 4162 2859 4216 imnteusorum
2897 4167 3207 4212 nostrorum
3239 4154 3508 4209 malorum
3544 4154 3671 4214 tuis,

2103 4272 2221 4326 qua:
2254 4269 2527 4323 nunquam
2561 4253 2860 4315 dormiunt,
2916 4246 3422 4311 intercessionibus,
3454 4259 3485 4297 ο
3541 4244 3677 4310 opti-

2107 4364 2214 4402 nta.
2246 4344 2353 4398 Nos
2381 4352 2508 4397 ante
2539 4342 2700 4395 finem
2746 4340 2977 4396 concilia
3006 4349 3096 4393 tuo
3125 4334 3462 4391 misericordi
3504 4342 3555 4388 et
3580 4332 3672 4398 ju-

2108 4434 2403 4505 stojudici,
2450 4431 2591 4486 Filio
2621 4440 2674 4486 et
2704 4431 2833 4486 Deo.
2891 4431 3091 4484 Sumus
3139 4427 3284 4481 enim
3341 4425 3500 4494 plane
3530 4422 3675 4477 omni

2109 4520 2355 4577 destituti
2384 4519 2579 4573 fiducia
2610 4529 2660 4574 et
2686 4519 2935 4585 audacia,
2966 4526 3187 4589 propter
3221 4514 3596 4585 negligentiam
3623 4519 3680 4564 et

429 4614 607 4670 Hodie
658 4611 941 4665 dedicatur
972 4604 1229 4673 templum
1278 4601 1439 4669 Iiegis
1471 4596 1674 4652 Christi
1707 4592 1911 4655 Matt-is,
1950 4591 1999 4641 itt
2036 4586 2078 4640 ι)
2114 4613 2507 4668 “iniiiiudiiiem
2560 4622 2930 4683 pecraiomm.
2966 4586 3090 4664 'Sed
3128 4623 3378 4677 magnam
3434 4606 3544 4659 vim
3578 4604 3677 4657 ha.

428 4722 545 4776 quo
572 4704 746 4759 omnis
776 4700 1057 4769 Scriptura
1081 4713 1108 4750 a
1138 4696 1247 4749 Deo
1277 4693 1539 4762 inspirata
1566 4697 1621 4742 et
1642 4685 1787 4740 utilis
1810 4684 2005 4750 legitur

434 4798 506 4855 ad
543 4797 830 4851 utilitatem
884 4793 1183 4847 animarum
1231 4782 1729 4841 innumerabilium.
1788 4776 2003 4831 Etenim

422 4896 501 4946 “ex
536 4888 727 4959 quovis
752 4883 1220 4940 Christianissimo
1250 4877 1443 4933 ordine
1500 4876 1553 4929 itt
1589 4874 1639 4927 id
1675 4884 1866 4939 magno
1894 4879 2007 4922 stu-

437 4984 531 5035 dio
570 4979 853 5033 conﬂuunt
907 4974 1189 5045 pontifices
1220 4982 1275 5025 et
1305 4982 1478 5038 rcges,
1512 4964 1785 5035 principes
1809 4971 1861 5015 et
1898 4975 2008 5011 nta-

434 5074 719 5143 gistratus,
761 5068 956 5121 divites
1004 5076 1059 5119 et
1107 5077 1396 5133 pauperes,
1424 5059 1715 5112 immatura
1758 5066 1914 5121 tetas,
1950 5062 2005 5106 et

439 5166 655 5234 piarum
691 5160 1012 5213 feminarum
1039 5166 1276 5210 caterva.

512 5254 698 5308 XVIII.
729 5252 834 5306 Sed
876 5251 998 5317 quis
1024 5257 1127 5302 tua:
1160 5247 1344 5316 gloriae
1376 5244 1623 5311 loquetur
1658 5237 1949 5306 magnalia,
1981 5250 2013 5287 ο

444 5344 811 5402 intemerata?
842 5341 1011 5397 Hodie
1068 5340 1348 5394 dedicatur
1377 5334 1633 5403 templum
1686 5345 1895 5399 sponsa:
1923 5343 2016 5378 ex-

444 5438 615 5504 pertis
673 5435 982 5504 nuptiarum
1037 5429 1239 5492 Patris,
1272 5428 1362 5496 qui
1416 5441 1521 5479 non
1558 5431 1737 5492 potest
1770 5434 2015 5486 compre-

448 5530 635 5592 hendi,
674 5528 725 5579 itt
779 5541 884 5593 quo
916 5522 1067 5576 chori
1106 5521 1317 5588 piorum
1374 5529 1428 5571 et
1464 5517 1741 5568 dettorunt
1774 5511 2011 5563 virorum

446 5625 499 5673 in
528 5620 716 5671 ordine
765 5616 1089 5671 assiSIentcs
1117 5620 1170 5665 et
1223 5610 1458 5664 indoctis
1492 5622 1597 5660 non
1632 5618 1849 5671 parvam
1878 5617 2013 5669 pra:-

446 5713 635 5769 bcntcs
671 5708 956 5760 utilitatem
994 5718 1261 5757 summam
1318 5700 1592 5767 aecipiunt
1628 5691 2017 5747 remuneratio-

450 5818 590 5859 nem.
623 5800 722 5864 Qui
756 5798 897 5850 enim
933 5795 1190 5853 abducit,
1259 5790 1452 5857 inquit,
1498 5786 1716 5853 dignum
1746 5782 1811 5834 ab
1868 5779 2008 5831 indi-

557 5912 573 5943 τ
612 5908 813 5967 Jcrcm.
844 5924 928 5971 xv,
960 5908 1040 5961 19.
1124 5906 1142 5934 ⁸
1172 5905 1327 5958 Prov.
1364 5919 1450 5965 xv,
1477 5901 1564 5954 50.

2114 4708 2226 4772 bet,
2253 4721 2285 4759 ο
2314 4705 2715 4769 laudatissima,
2748 4703 2991 4772 precatio
3035 4701 3219 4755 Matris
3250 4700 3316 4754 ad
3349 4696 3467 4751 Filii
3501 4693 3683 4750 concio

2112 4797 2347 4851 Iiandatn
2414 4794 2871 4857 benevolentiam,
2931 4801 2988 4845 ut
3044 4790 3341 4844 credimus.
3378 4786 3513 4840 Cum
3551 4800 3681 4853 ergo

2117 4892 2319 4944 habeas
2355 4898 2654 4942 maternam
2687 4895 2737 4937 et
2772 4884 3043 4937 infinitam
3103 4883 3169 4934 ad
3225 4895 3349 4933 cum
3400 4876 3680 4939 fiduciam,

2115 4981 2206 5050 qui
2238 4995 2303 5033 ex
2342 4991 2390 5034 te
2447 4978 2566 5032 sine
2593 4976 2829 5029 fluxione
2879 4973 3222 5028 ittel'fabiliter
3253 4982 3406 5023 ortus
3438 4979 3548 5031 est,
3586 4982 3687 5022 nos

2115 5087 2329 5142 quoque
2372 5070 2457 5123 fac
2508 5070 2775 5123 bonorum
2812 5077 3139 5119 aeternorum
3198 5060 3505 5131 participes,
3533 5068 3587 5114 et
3616 5062 3685 5113 ab

2118 5163 2257 5218 omni
2320 5160 2468 5229 gravi
2534 5159 2623 5213 hic
2689 5168 2742 5211 et
2802 5157 2913 5210 illic
2968 5156 3140 5210 libera
3172 5152 3489 5207 afﬂictione.
3522 5150 3683 5204 Potes

2115 5255 2259 5311 enim
2287 5253 2468 5308 omnia
2504 5260 2582 5316 ttt,
2614 5254 2733 5318 qua:
2767 5263 2824 5301 es
2849 5247 3134 5316 plusquam
3167 5244 3449 5298 benedicta
3486 5251 3541 5297 et
3566 5240 3683 5309 glo-

2122 5349 2291 5411 riosa,
2328 5355 2438 5399 uta
2483 5353 2535 5396 te
2569 5341 2848 5407 custoditi,
2875 5350 2929 5393 et
2975 5341 3040 5392 de
3070 5348 3121 5392 te
3161 5337 3476 5407 gloriantes,
3521 5334 3687 5388 entit-

2123 5450 2298 5491 tamus
2335 5436 2559 5505 gloriam
2586 5443 2639 5485 et
2668 5432 2966 5499 gratiarum
2999 5430 3265 5484 actionem
3311 5428 3363 5481 in
3403 5427 3505 5480 hoc
3533 5438 3691 5479 vene-

2123 5530 2293 5583 rando
2326 5525 2545 5592 templo,
2584 5535 2636 5575 et
2665 5522 2970 5590 ubicunque
3014 5524 3206 5584 simus,
3238 5519 3403 5583 Patri,
3445 5525 3498 5570 et
3526 5513 3688 5581 Filio,

2125 5632 2177 5673 et
2209 5626 2397 5672 sancto
2454 5615 2704 5685 Spiritui,
2760 5627 2905 5667 nunc
2952 5622 3003 5665 et
3035 5626 3249 5680 semper
3275 5618 3329 5662 et
3380 5609 3433 5661 in
3465 5603 3683 5661 saecula.

2126 5712 2315 5764 Amen.

1658 5899 1678 5927 °
1711 5894 1857 5948 Psal.
1886 5907 2034 5955 xui,
2069 5892 2118 5944 5.
