1868 3044
166 144 210 174 -ἸΊ

791 147 980 178 EUTHYMII
994 149 1183 180 .ZIGABENI

1771 149 1807 182 12

178 201 279 233 ritum;
298 200 445 235 aliquando
468 200 577 235 quidem
599 201 744 237 unicuique
759 203 841 230 trium
870 210 954 238 ρει-εοι

1042 204 1080 230 ne
1098 204 1148 239 μὲν
1163 204 1266 241 ἑκάστῃ
1276 204 1332 232 τῶν
1343 205 1426 241 τριῶν
1439 205 1613 232 ὕποστάσεων
1627 204 1706 232 τοῦτο
1719 213 1806 240 προσ-

178 255 276 275 narnm
298 247 351 275 hoc
368 247 531 281 tribuentes,
554 247 699 283 aliquando
719 256 783 276 vero
807 249 853 276 uni
880 249 959 277 trium

178 293 313 321 essentia}.
327 292 355 320 Si
368 293 449 329 igitur
462 297 656 322 eonuectcntes
671 294 790 329 legamus
802 303 809 321 :
824 294 961 322 Credimus

165 339 204 365 in
226 347 307 366 unum
323 338 407 366 Deum
416 339 539 371 Patrem,
552 347 676 375 personae
688 339 771 375 patris
785 340 962 376 signiﬁcatio-

176 393 238 412 nem
253 386 328 412 vocis
355 385 435 413 Unius
458 385 707 413 accommodamus.
738 385 772 413 At
791 386 814 414 si
836 385 961 414 dicamus

177 430 209 457 lu
234 439 315 457 unum
344 430 436 463 Deum,
462 431 613 466 atquevbic
638 431 871 467 interpungamus,
899 440 961 460 mox

177 477 387 512 subjungentes,
409 476 519 504 Patrem
529 485 538 509 ;
547 495 549 497 -
558 477 801 512 unamfdivlnitatis
814 478 959 505 essean

176 522 425 557 signiﬁcautesrad
442 522 605 550 Trinitatem
623 523 737 559 gradum
761 523 877 550 facimus
895 530 960 558 per-

174 575 313 595 sonarum.

211 613 293 641 Credo
304 615 329 640 in
349 621 432 640 unum
450 613 544 641 Deum.
560 614 620 641 Non
635 614 763 642 essentiae
779 614 958 650 signiﬁeativa

173 668 225 688 vox
243 665 284 687 est
301 660 378 693 Deus,
395 668 484 695 neque
500 660 598 687 divin:e
611 665 716 688 natura:
731 668 841 688 nomen.
857 662 959 694 Quem-

173 705 318 733 admodum
337 706 409 733 enim
428 713 537 733 omnem
556 707 761 742 supergreditur
778 706 957 740 intellectum,

172 751 212 778 sic
227 751 308 778 etiam
333 757 414 778 omne
440 751 663 786 prmtergrcditur
686 759 797 778 nomen.
821 751 869 778 Est
893 759 959 788 ergo

172 796 325 832 symbolum
365 795 475 823 virtutis
507 797 635 824 essentia:
661 796 772 823 divinae.
807 797 864 824 Nec
884 797 958 824 enim

171 843 291 871 divinam
305 842 424 870 insinuat
438 842 635 875 exsistentiam,
651 842 697 870 sed
715 849 774 870 eam
787 850 847 878 qua:
862 851 895 870 ex
912 842 958 871 illo

1013 250 1152 284 νέμοντες,
1180 251 1245 278 ποτὲ
1259 252 1287 278 δὲ
1304 253 1337 287 τῇ
1355 253 1404 287 μιᾷ
1419 252 1473 278 τῶν
1487 251 1511 286 γ’
1526 251 1616 287 οὐσίᾳ.
1642 252 1672 278 Ei
1690 252 1740 286 μὲν
1754 249 1806 278 οὖν

1014 294 1193 327 συνάπτοντες
1206 295 1378 331 ἀναγνῶμεν,
1391 297 1575 330 Πιστεύομεν
1593 297 1636 329 εἰς
1650 296 1704 323 ἕνα
1724 295 1808 322 Θεὸν

1012 341 1138 376 Πατέρα,
1162 343 1196 378 τῇ
1214 342 1365 370 ὑποστάσει
1390 343 1439 369 τοῦ
1453 343 1558 379 Πατρὴς
1570 343 1619 377 τὴν
1647 342 1694 369 τοῦ
1716 342 1807 374 Ένάς

1012 387 1152 422 σημασιαν
1167 387 1326 423 ἁρμόζομεν
1337 396 1344 403 ·
1365 389 1389 414 εί
1405 389 1433 415 δὲ
1447 388 1574 423 λέγοιμεν
1585 389 1636 421 Εἰς
1647 388 1700 414 ἕνα
1715 388 1804 419 Θεὸν,

1011 432 1129 459 ἐνταῦοα
1143 433 1292 466 στίζοντες,
1300 432 1359 460 εἶτα
1370 435 1522 468 ὲπάγοιμεν
1537 434 1661 468 Πατέρα,
1672 433 1720 468 τὴν
1733 433 1805 468 μίαν

1009 477 1061 512 τῆς
1076 478 1202 514 Θεότητος
1220 479 1316 506 οὐσίαν
1329 480 1512 514 σημάναντες,
1529 479 1576 506 ἐπὶ
1601 479 1630 506 τὸ
1659 479 1805 513 τριαδαὶιν

1010 524 1099 560 χωροῦ
1104 533 1154 559 μεν
1167 524 1221 551 τῶν
1240 526 1426 552 ὑποστάσεων.

1046 611 1180 639 Πιστεύω
1194 613 1237 645 είς
1252 612 1307 639 ἕνα
1320 613 1404 640 Θεόν.
1424 612 1481 639 Οὐκ
1509 613 1603 644 οὐσίας
1632 612 1805 647 σημαντικόν

1011 657 1069 684 ἐστι
1085 659 1116 684 τὸ
1131 657 1203 690 Θεὸς
1218 658 1278 685 οὐδὲ
1301 658 1351 693 τῆς
1364 658 1438 690 θείας
1457 657 1564 691 φύσεως
1582 658 1676 692 ὖνομα.
1689 657 1804 692 ’Ὠσπερ

1011 702 1066 738 γὰρ
1093 702 1164 738 ὑπὲρ
1192 703 1266 730 ἅπαν
1285 703 1440 738 καθέστηκε
1466 704 1568 739 νόημα,
1593 703 1664 729 οὕτω
1681 703 1729 729 καὶ
1742 703 1802 729 πᾶν

1011 748 1096 783 ὄνομα
1119 748 1311 783 διαπέφευγεν.
1331 749 1401 776 Ἀλλ’
1418 749 1476 776 ἐστι
1496 749 1546 784 μὲν
1561 748 1702 783 ἐνεργείας
1721 748 1803 779 θείας

1009 793 1103 825 οὐσίας
1119 793 1156 829 (4)
1173 794 1316 829 σύμὸολον.
1329 795 1366 821 Οὐ
1381 795 1434 829 γὰρ
1445 795 1475 821 τὸ
1491 793 1561 821 εἶναι
1573 794 1619 821 τοῦ
1639 795 1709 820 Θεοῦ
1724 803 1803 829 παρ-

1006 838 1127 874 ίστησιν,
1153 838 1222 865 ἀλλὰ
1241 839 1290 874 τὴν
1305 840 1344 872 εἰς
1361 841 1434 874 ἡμᾶς
1451 840 1480 873 ἐξ
1496 840 1578 866 αὐτοῦ
1591 839 1740 874 προϊοῦσαν
1754 841 1806 866 ἐκ·

173 889 200 916 in
216 896 266 916 nos
279 888 400 923 procedit
412 887 606 915 diviuizantem
619 887 747 914 virtutem
759 893 786 914 et
797 886 954 914 efﬁcaciam.

1042 884 1141 919 ωτικὴν
1153 883 1269 920 δύναμιν
1282 886 1330 912 καὶ
1345 885 1497 921 ἐνέργειαν.

208 934 291 962 Credo
303 935 330 960 in
345 942 426 961 unum
440 933 522 960 Deum
533 934 746 968 omnipotentem.
760 933 868 960 Patrem
887 933 959 967 cogi-

173 979 429 1007 tamussecundum
455 979 480 1005 in
500 978 600 1006 divinis
622 978 798 1013 principium,
813 979 891 1013 cujus
913 985 960 1006 ve-

172 1026 220 1053 luti
248 1024 373 1060 quaedam
390 1024 514 1058 germina
537 1023 671 1051 divinitus
693 1029 785 1057 enata,
805 1024 958 1052 secundum

170 1071 401 1107 sapientissimum
418 1070 607 1105 Areopagitam
636 1069 802 1105 Dionysium,
830 1077 959 1106 recogno-

170 1123 284 1146 scuntur
297 1117 381 1144 Filius
395 1121 422 1144 et
437 1117 564 1151 Spiritus.
579 1115 636 1143 Non
649 1117 723 1144 enim
740 1123 773 1143 ex
786 1121 899 1151 paterna
914 1124 958 1144 re-

171 1162 273 1190 latione
285 1170 344 1197 quie
360 1161 498 1188 invenitur
511 1161 539 1188 in
555 1162 656 1188 creatis
679 1169 693 1188 a
710 1162 764 1188 Deo
785 1162 878 1193 rebus.
900 1162 959 1189 sive

169 1208 252 1235 etiam
268 1208 446 1241 fecunditate,
470 1207 591 1234 derivata
614 1211 656 1234 est
682 1207 772 1234 divina
789 1209 957 1243 paternitas;

169 1254 218 1282 sed
235 1262 267 1281 ex
290 1258 437 1289 superante
453 1261 561 1281 omnem
584 1258 710 1281 naturam
731 1253 898 1281 fecunditate
913 1263 960 1282 su-

170 1299 406 1334 persubstantialis
421 1298 584 1330 divinitatis.
603 1298 630 1325 in
644 1299 745 1326 creatis
765 1299 859 1332 rebus,
877 1306 906 1327 ut
923 1301 959 1327 ita

171 1353 276 1380 loquar,
305 1349 410 1372 uaturte
429 1344 554 1380 genitura
571 1344 710 1371 derivatur
728 1353 735 1371 :
754 1345 883 1380 illamque
902 1345 960 1374 haec

170 1391 303 1423 imitatur,
326 1396 354 1418 at
379 1399 434 1419 non
456 1396 560 1420 contra.
591 1390 712 1419 Primum
742 1397 831 1419 autem
852 1392 960 1420 Patrem

170 1435 293 1463 divinum
320 1436 477 1472 Symbolum
501 1437 661 1471 assumpsit,
686 1445 740 1464 non
765 1437 835 1471 quod
856 1438 960 1472 primus

170 1484 206 1510 sit
222 1482 363 1517 velmajor
384 1483 421 1518 (ὅ)
434 1502 443 1515 ,
472 1482 520 1508 sed
542 1481 604 1516 quia
625 1481 786 1516 principium
805 1487 848 1509 est
858 1482 915 1509 Filii
932 1487 959 1511 et

168 1529 299 1564 Spiritus.
319 1528 341 1555 Δ
357 1527 495 1563 principio
516 1532 580 1555 sunt
598 1528 670 1555 enim
687 1528 729 1555 hae
745 1535 879 1562 personm,
901 1536 956 1556 non

168 1575 234 1610 ipsw
250 1574 395 1610 principia.
411 1574 497 1601 Διιιεὶ
519 1573 663 1608 principia,
676 1581 730 1600 non
751 1579 840 1601 tamen
856 1573 954 1607 Patris.

168 1621 217 1649 sed
231 1629 294 1648 cum
318 1620 411 1654 Patre,
434 1621 585 1648 secundum
609 1627 780 1647 communem
807 1620 957 1649 divinitatis

170 1668 368 1701 causalitatem,
386 1671 414 1694 et
426 1667 547 1695 omnium
569 1666 639 1694 infra
650 1666 734 1694 Deum
753 1671 956 1700 creaturarum;

171 1715 368 1750 tanquanﬁcum
385 1713 464 1740 Patre
473 1717 660 1748 cooperantcs,
669 1717 695 1740 el
705 1717 891 1746 concreantes,
902 1721 955 1741 non

168 1760 279 1795 quidem
295 1765 422 1795 tanquam
438 1759 592 1793 indigentes
606 1759 808 1794 cooperationis
827 1759 899 1787 inter
914 1767 954 1794 se,

169 1814 268 1842 apage;
278 1805 398 1841 perlecta
408 1805 481 1832 enim
491 1809 519 1832 et
529 1805 633 1841 integra
643 1809 685 1832 est
693 1805 823 1833 divinitas
832 1805 859 1832 in
869 1807 956 1840 quali-

163 1853 213 1880 .bet
222 1853 417 1888 ltypostaseon:
430 1853 477 1880 sed
485 1853 585 1886 quippe
593 1851 790 1878 unaiexistente
797 1852 955 1886 operatione

170 1897 270 1924 virtute
285 1901 313 1925 et
329 1897 469 1924 voluntate
485 1895 584 1922 horum
601 1894 693 1922 trium.

207 1945 315 1971 Putrem
353 1943 556 1976 omnipotentem
582 1941 708 1975 [uolarent
735 1938 792 1966 mli
821 1944 844 1966 (ιλ
867 1943 953 1966 ten-aa.

157 1989 289 2016 'Primum
311 1987 420 2022 quidem
447 1985 567 2021 positum
590 1989 631 2011 est
651 1991 750 2011 nomen
766 1983 837 2010 Deus
851 2003 858 2015 ,
882 1983 954 2018 quod

158 2040 294 2063 .naturam
321 2032 511 2063 commendat;
527 2030 636 2058 tametsi
659 2030 763 2057 nullum
785 2029 844 2065 ejus
866 2035 954 2058 exstet

172 2087 284 2112 nomen,
306 2083 336 2106 ut
351 2077 538 2113 praediximus.
556 2076 659 2103 Deinde
675 2075 765 2107 Pater.
782 2077 854 2111 quod
873 2076 952 2104 ﬁdem

169 2125 353 2153 commendat.
373 2124 430 2152 Hoc
442 2127 532 2150 autem
556 2129 657 2149 nomen
673 2122 718 2149 bic
737 2121 878 2157 proprium
897 2130 953 2150 non

168 2175 210 2199 est
226 2170 332 2202 Patris;
349 2169 502 2205 procedens
517 2168 589 2194 enim
614 2167 702 2194 oratio
719 2165 868 2194 declarabit
887 2167 953 2195 illud

969 1552 991 1583 C

1045 929 1178 956 Πιστεύω
1194 930 1238 962 εις
1260 929 1314 956 ἕνα
1333 930 1408 957 Θεὸν
1435 931 1671 965 παντοκράτορα.
1687 931 1805 966 Πατέρα

1009 974 1124 1010 νοοῦμεν
1147 975 1197 1010 τὴν
1210 975 1334 1010 θεογόνον
1348 976 1450 1007 αἰτίαν,
1465 974 1496 1012 ἧς
1516 976 1611 1011 ὥσπερ
1635 977 1710 1008 τινὲς
1734 978 1805 1011 βλα-

1011 1020 1068 1046 στοὶ
1080 1020 1218 1055 θεόφυτοι,
1232 1021 1304 1048 κατὰ
1319 1021 1364 1047 τὸν
1378 1021 1408 1055 ἐξ
1430 1021 1535 1056 ’Δρείου
1554 1023 1644 1057 πάγου
1670 1022 1803 1056 σοφώτα-

1009 1073 1055 1092 τον
1069 1065 1218 1099 Διονύσιον,
1230 1066 1293 1099 Tib;
1307 1067 1353 1093 καὶ
1364 1067 1476 1103 Πνεῦμα
1489 1069 1677 1104 γνωρίζονται.
1689 1069 1727 1096 Οὐ
1743 1071 1777 1103 γ.²
1786 1079 1805 1105 ρ

1010 1111 1042 1137 ἐκ
1057 1111 1105 1146 τῆς
1130 1111 1159 1138 ὲν
1174 1112 1230 1143 τοῖς
1253 1112 1479 1148 δημιουρ-γήμασι
1511 1114 1648 1149 πατρικῆς
1678 1115 1805 1151 σχέσεως

1010 1157 1064 1182 εἴτε
1079 1157 1126 1182 καὶ
1142 1157 1318 1192 γονιμότητος
1334 1159 1350 1194 ἡ
1367 1159 1395 1185 ὲν
1411 1159 1470 1195 Θεῷ
1483 1161 1623 1196 πατρότης
1633 1161 1722 1194 ἐστὶν,
1737 1161 1817 1187 an”

1010 1203 1041 1228 ὲκ
1057 1202 1106 1237 τῆς
1122 1203 1278 1239 ὑπερφυοῦς
1289 1206 1469 1241 γονιμότητος
1485 1207 1535 1241 τῆς
1551 1208 1715 1242 ὑπεροιισὶου
1736 1208 1802 1235 (λεό-

1009 1256 1091 1283 τητος
1103 1250 1132 1275 ὲν
1143 1251 1199 1280 τοῖς
1212 1250 1454 1287 δημιουργήμασιν
1479 1249 1534 1279 οἷον
1552 1254 1639 1280 εἰπεῖν
1665 1262 1804 1288 φυσιογο-

1011 1294 1070 1321 νίαν
1087 1296 1251 1331 παράγεται.
1270 1295 1325 1324 Καὶ
1342 1298 1449 1333 ἐκείνην
1463 1298 1533 1332 αὕτη
1546 1299 1685 1334 μιμεῖται,
1695 1298 1757 1326 ἀλλ’
1767 1300 1801 1326 οὺ

1010 1340 1040 1367 τὸ
1059 1340 1187 1376 ἔμπαλιν.
1199 1342 1311 1377 Πρῶτον
1325 1343 1353 1370 δὲ
1369 1343 1415 1370 τὸν
1433 1344 1543 1378 Πατέρα
1558 1344 1588 1371 τδ
1601 1344 1673 1372 θεῖον
1697 1345 1802 1380 παρεί-

1010 1385 1078 1421 ληφε
1099 1386 1136 1423 (5)
1153 1387 1296 1422 σύμὸολον,
1312 1389 1361 1424 οὐχ
1376 1389 1417 1416 ὅτι
1435 1390 1542 1424 πρῶτός
1557 1391 1631 1417 ἐστιν
1645 1390 1660 1426 ἤ
1683 1391 1802 1426 μείζων,

1010 1432 1067 1460 ἀλλ’
1084 1433 1124 1459 ὃτι
1139 1434 1224 1466 αἴτιός
1242 1433 1300 1461 ἐστι
1330 1434 1378 1462 τοῦ
1397 1435 1463 1462 Υιοῦ
1478 1436 1526 1462 καὶ
1549 1437 1597 1463 τοῦ
1625 1436 1801 1472 Πνεύματος.

1010 1478 1125 1505 Δίτιατὰ
1137 1479 1165 1505 δὲ
1178 1480 1276 1512 ταῦτα,
1287 1480 1317 1506 οὐ
1333 1481 1372 1516 μὴ
1383 1481 1468 1509 αἴτια.
1480 1482 1511 1508 Εἰ
1528 1482 1556 1509 δὲ
1580 1482 1627 1509 καὶ
1638 1482 1724 1514 αἴτια,
1737 1482 1802 1508 ἀλλ’

1010 1524 1042 1551 οὐ
1053 1524 1100 1550 τοῦ
1111 1525 1231 1560 Πατρδς,
1241 1526 1310 1553 ἀλλὰ
1326 1527 1395 1562 μετὰ
1409 1526 1457 1553 τοῦ
1471 1528 1588 1563 Πατρὸς,
1603 1528 1732 1564 χατὰτὴν
1741 1537 1800 1555 κοι-

1008 1571 1055 1607 νὴν
1070 1572 1117 1606 τῆς
1134 1572 1260 1606 θεότητος
1286 1574 1464 1608 αἰτιολογίαν,
1490 1576 1538 1601 καὶ
1563 1575 1617 1601 τῶν
1635 1576 1704 1610 μετὰ
1729 1575 1801 1601 Θεὸν

1007 1617 1135 1643 ἁπάντων
1151 1618 1319 1653 κτισμάτων,
1331 1619 1369 1651 ὡς
1380 1621 1499 1656 συνεργὰ
1511 1619 1551 1655 τῷ
1566 1621 1653 1656 Πατρὶ
1667 1622 1714 1647 καὶ
1731 1630 1801 1647 συν-

1006 1662 1173 1698 δημιουργὰ,
1187 1665 1237 1700 οὐχ
1252 1665 1290 1697 ὡς
1300 1665 1416 1700 δεόμενα
1429 1666 1479 1700 τῆς
1496 1667 1657 1701 συνεργείας
1677 1668 1799 1699 τούτων,

1005 1709 1098 1744 ἄπαγε
1108 1717 1114 1724 ·
1131 1710 1220 1737 τελεία
1232 1711 1286 1747 γὰρ
1300 1712 1347 1738 καὶ
1359 1712 1507 1748 ὁλόκληρος
1528 1714 1544 1748 ἡ
1558 1714 1654 1748 θεότης
1677 1716 1705 1740 ἐν
1729 1714 1800 1740 ἐκά-

1006 1764 1056 1791 στῃ
1074 1755 1129 1783 τῶν
1141 1756 1329 1783 ὑποστάσεωνσ
1341 1758 1398 1784 ἀλλ’
1411 1759 1449 1790 ὡς
1461 1760 1525 1794 μιᾶς
1544 1758 1631 1794 οὔσης
1648 1759 1697 1785 κα).
1714 1760 1798 1795 ἐνερ-

1004 1803 1080 1837 γείας
1097 1803 1145 1830 καὶ
1161 1803 1302 1839 δυνάμεως
1315 1805 1361 1831 καὶ
1374 1804 1527 1841 βουλήσεως
1539 1805 1594 1832 τῶν
1609 1806 1702 1842 τριῶν.

1041 1938 1154 1973 Πατέρα
1183 1939 1417 1975 παντοκράτορα,
1432 1941 1561 1976 ποιητὴν
1586 1942 1715 1976 οὐρανοῦ
1743 1943 1797 1971 και

1004 1983 1071 2018 γῆς.
1087 1984 1200 2020 Πρῶτον
1214 1984 1265 2020 μὲν
1280 1985 1311 2011 τὸ
1322 1985 1374 2020 τῆς
1388 1986 1497 2020 φύσεως
1514 1989 1717 2025 παραστατικὸν
1731 1990 1795 2018 δνο-

1006 2039 1044 2065 μα
1061 2030 1180 2057 τέθειται
1192 2031 1222 2058 τὺ
1238 2032 1321 2065 Θεὸς,
1333 2033 1358 2059 εἰ
1376 2033 1424 2059 καὶ
1445 2033 1540 2069 μηδὲν,
1550 2032 1588 2066 ὡς
1603 2035 1726 2070 εῐπομεν,
1743 2037 1797 2062 αὺ-

1004 2075 1054 2110 τῆς
1069 2076 1142 2102 ἐστιν
1160 2075 1264 2112 ὄνομα·
1284 2075 1342 2104 εἶτα
1363 2078 1395 2105 τὸ
1417 2079 1468 2113 τῆς
1493 2079 1610 2111 πίστεως
1625 2081 1655 2107 τὸ
1676 2081 1794 2115 Πατήρ.

1004 2121 1062 2148 Οὐκ
1072 2122 1138 2149 ῐδιον
1152 2121 1180 2149 δὲ
1194 2123 1274 2150 τοῦτο
1284 2124 1330 2150 τοῦ
1343 2125 1449 2160 Πατρός
1464 2134 1470 2141 ·
1495 2128 1556 2153 ἐπεὶ
1570 2128 1672 2162 προῖὼν
1685 2130 1699 2155 ὀ
1712 2128 1796 2163 λόγος

1004 2167 1121 2202 δηλώσει
1135 2169 1215 2196 τοῦτο
1228 2170 1275 2197 καὶ
1287 2169 1325 2205 τῷ
1338 2170 1394 2206 Υίῷ
1408 2173 1454 2197 καὶ
1469 2172 1508 2208 τῷ
1524 2173 1672 2208 Πνεύματι.
1682 2175 1737 2201 Καὶ
1748 2176 1795 2208 εὶς

156 2223 197 2246 -οι
221 2217 289 2245 Filio
315 2220 343 2244 et
368 2215 480 2250 Spiritui
506 2219 674 2249 competere.
693 2213 739 2240 Ait
759 2213 831 2240 enim
847 2221 853 2238 :
870 2213 905 2239 Et
926 2214 954 2240 in

1042 2221 1060 2240 α
1078 2214 1141 2248 γὰρ,
1159 2215 1355 2249 φησὶ,Κύρισν
1373 2216 1495 2249 Ἰησοῦν
1507 2217 1669 2250 Χριστὸν...
1687 2219 1736 2245 καὶ
1748 2221 1796 2252 εἰς

168 2271 249 2290 uumn
265 2263 405 2289 Dominum
425 2261 515 2288 Jesum
535 2260 702 2288 Christum...
730 2263 754 2286 et
771 2259 798 2286 in
822 2258 950 2293 Spiritum

168 2314 289 2337 sanctum
308 2308 458 2334 Dominum.
475 2305 594 2333 Dicimus
607 2308 710 2336 autem,
728 2303 948 2339 Onmipotentem,

168 2356 367 2390 distinguentes
387 2361 437 2380 nos
453 2353 487 2380 ab
504 2351 630 2379 haeretica
647 2350 762 2378 stultitia
786 2348 951 2377 Manichaeo-

169 2409 240 2433 rum,
268 2400 492 2427 Simonianorum
515 2402 542 2425 et
560 2396 806 2429 Marcionislarum,
823 2396 871 2431 qui
897 2404 951 2423 non

166 2446 362 2475 universorum
375 2443 520 2471 arbitrium
534 2443 580 2470 uni
595 2449 628 2469 ac
639 2441 690 2468 soli
704 2441 759 2469 Deo
774 2441 926 2469 attribuunt
944 2450 951 2468 :

162 2494 215 2521 sed
231 2492 346 2520 diversis
364 2490 507 2526 principiis
523 2492 686 2525 potestatem
703 2497 794 2518 rerum
809 2489 948 2517 altricant.

164 2540 257 2573 Quare
272 2538 488 2572 omnipotentem
512 2537 621 2564 Patrem
640 2536 774 2568 dicentes,
789 2537 871 2563 etiam
888 2543 948 2562 cau-

166 2592 226 2611 sam
244 2585 305 2619 ejus
320 2582 528 2617 omuipotentiae
541 2581 713 2612 adducimus,
734 2580 866 2608 factorem
888 2589 951 2608 cum

165 2632 227 2658 ωειὶ
242 2636 268 2658 et
283 2636 361 2658 terra!
373 2630 497 2657 dicentes
511 2638 518 2655 :
531 2636 593 2655 nam
608 2627 737 2656 extremis
749 2627 856 2663 positis.
869 2628 950 2655 etiam

166 2684 226 2710 qua:
241 2676 267 2702 in
282 2675 370 2703 medio
388 2678 453 2702 sunt
467 2674 633 2701 innuuntur.

202 2767 241 2802 (ὅ)
264 2766 337 2794 lnl'ra
365 2775 426 2802 qum
455 2767 490 2795 de
513 2766 646 2800 principio
672 2766 748 2802 dicit.
769 2766 948 2802 graecanicum

165 2801 235 2838 quid
244 2803 363 2838 sapiunt,
375 2801 498 2838 benigne
511 2801 756 2838 interpretandum.

204 2839 245 2871 (4)
258 2837 367 2864 Planius
379 2837 525 2873 ἐνεργειῶν
541 2837 616 2868 Θείας
630 2837 734 2868 οὐσίας.

197 2873 239 2908 β)
248 2873 281 2900 Jn
293 2873 359 2900 Cod.
380 2872 473 2900 vitiose
486 2872 648 2907 παρήλειφε.

1002 2259 1035 2287 τὸ
1053 2260 1172 2295 Πνεῦμα
1185 2260 1218 2287 τὸ
1233 2260 1327 2296 ἅγιον,
1343 2261 1375 2288 τὸ
1388 2262 1509 2296 Κύριον.
1520 2264 1748 2300 Παντοκράτορα
1763 2266 1791 2292 δὲ

1002 2305 1117 2340 λέγομεν
1143 2305 1400 2339 ἀπεδιαστέλλοντες
1428 2309 1544 2341 ἑαυτοὺς
1568 2309 1618 2344 τῆς
1648 2311 1792 2345 etipsud];

1001 2350 1157 2387 ἀφροσύνης
1172 2351 1226 2378 τῶν
1239 2353 1294 2380 ἀπὸ
1308 2354 1448 2387 Μάνεντος
1463 2356 1641 2391 καὶΣίμωνος
1656 2358 1703 2384 καὶ
1711 2357 1792 2392 Μαρ-

1003 2396 1110 2428 κίωνος,
1135 2397 1160 2423 οἶ
1177 2398 1214 2432 μὴ
1245 2398 1353 2426 πάντων
1382 2400 1431 2435 τὴν
1448 2402 1610 2428 δεσποτείαν
1626 2403 1665 2438 τῷ
1685 2404 1724 2430 ἐνὶ
1743 2405 1791 2431 καὶ

1004 2442 1076 2479 μόνῳ
1089 2443 1147 2478 Θεῷ
1159 2444 1286 2477 διδόασιν,
1296 2445 1365 2473 ἀλλὰ
1381 2446 1522 2483 διαφόροις
1530 2449 1629 2484 ἀρχαῖς
1643 2450 1693 2484 τὴν
1709 2449 1791 2482 ἐξου-

1004 2488 1064 2514 σίαν
1077 2488 1130 2516 τῶν
1144 2489 1227 2516 ὄντων
1240 2491 1451 2527 ἀπομερίζουσι.
1463 2493 1509 2520 Διὸ
1516 2496 1728 2532 παντοκράτορα
1743 2497 1791 2524 τὸν

1005 2534 1114 2570 Πατέρα
1126 2535 1246 2568 τιθέντες
1264 2537 1312 2564 καὶ
1333 2538 1382 2574 τὴν
1396 2539 1487 2567 αἰτίαν
1509 2541 1559 2576 τῆς
1582 2541 1667 2569 αὑτοῦ
1686 2551 1790 2570 παντο-

1004 2582 1152 2616 κρατοριας
1173 2582 1324 2618 ὲπάγομεν,
1340 2585 1456 2621 ποιητὴν
1475 2586 1589 2622 οὐρανοῦ
1603 2589 1650 2614 καὶ
1661 2589 1714 2623 γῆς
1727 2591 1787 2616 τοῦ-

1002 2635 1049 2652 τον
1062 2626 1198 2661 λέγοντες,
1214 2628 1257 2660 ὡς
1272 2629 1364 2665 ἄκρων
1392 2631 1446 2666 γὰρ
1471 2631 1557 2659 ὄντων
1575 2633 1615 2669 (6)
1632 2634 1679 2661 καὶ
1702 2635 1737 2662 τὰ
1760 2636 1793 2663 ὲν

1004 2672 1079 2708 μέσῳ
1091 2681 1123 2708 ση
1128 2673 1291 2708 μαινόμενα.

1039 2766 1077 2809 (Si)
1094 2767 1144 2809 llic
1167 2767 1241 2795 locus
1253 2767 1349 2809 leviter
1366 2775 1512 2809 corruptus
1528 2776 1580 2800 est.
1610 2771 1700 2799 Malim
1724 2780 1791 2809 ergo

1002 2808 1030 2839 in
1041 2801 1099 2839 fine
1113 2803 1201 2839 legere
1214 2804 1413 2839 σημαινόμεθα.
1431 2801 1514 2834 Paulo
1535 2811 1600 2835 ante
1617 2812 1681 2835 nota
1706 2801 1791 2836 voca-

1002 2835 1096 2862 bulum
1121 2835 1328 2873 αὖτοκραίέορια.
