1868 3044
164 153 203 184 15

776 152 969 185 EUTHYMII
990 155 1169 186 ZIGABENI

1755 155 1792 189 16

167 208 368 243 eamdemque?
393 208 443 236 Per
460 208 511 236 hoc
526 209 598 236 enim
613 213 640 237 et
656 208 770 236 Paulum
800 209 949 238 Samosate-

1037 212 1082 238 λον
1100 211 1129 239 δὲ
1144 212 1189 239 τὸν
1201 212 1251 247 τῆς
1276 212 1417 247 Παρθένου
1434 212 1554 240 διδάσκει
1573 213 1604 240 τὸ
1619 214 1697 248 ἅγιον
1710 214 1788 250 Σύμ-

164 263 232 282 num
270 260 297 282 et
330 255 483 283 Nestorium
523 255 678 288 submovet,
707 256 754 291 qui
791 256 952 291 blaspheme

164 306 279 328 tuentur
293 300 382 328 illud:
409 301 514 328 Novum
540 309 662 336 prorsus,
688 307 716 329 et
738 310 753 328 a
776 301 860 328 Maria
883 301 952 329 inci-

165 347 285 381 pientem
308 346 457 373 Christum.
488 347 559 379 Quin
582 351 610 374 et
640 354 735 374 amens
765 347 952 382 Apollinarius

165 400 214 426 per
230 392 288 419 [nec
305 394 339 418 ab
365 391 488 419 Ecclesia
508 397 630 425 arcetur,
660 394 705 427 qui
731 393 840 421 diversa
866 395 916 421 fuit
936 402 951 421 a

163 439 353 474 superioribus
368 438 464 473 pestis.
483 438 523 465 llli
545 439 619 466 enim
643 447 657 466 a
674 439 757 467 Maria
776 449 900 475 prorsus,
922 445 952 468 ut

164 485 200 511 ita
215 485 319 519 loquar,
335 485 469 519 incepisse
493 484 632 512 Christum
654 485 781 513 dixerunt
797 496 803 513 :
819 492 845 514 at
868 487 951 521 Apol-

164 531 290 563 linarius,
318 531 451 566 quidquid
475 531 521 558 ille
544 535 587 558 est
603 532 637 558 ab
658 537 762 558 aeterno
789 532 901 564 habere.
925 538 952 561 et

163 577 278 604 nihilex
298 577 410 611 Virgine
419 577 621 611 assumpsisse;
649 577 715 612 quin
738 582 766 605 et
789 585 899 605 carnem
918 579 952 606 de

163 624 292 658 supernis
309 623 449 655 detulisse,
472 627 500 649 et
516 631 605 658 neque
631 623 784 658 perfectum
811 624 950 651 hominem

162 677 233 696 esse.
258 669 378 696 Deﬁcere
402 669 476 696 enim
502 669 538 695 illi
564 673 701 701 mentem;
734 677 765 696 ac
781 677 830 704 pro
859 676 951 697 mente

164 715 263 742 habere
284 714 359 741 illum
389 714 571 742 divmitatem.
597 714 664 742 Vide
687 722 779 749 porro,
812 716 950 749 quomodo

162 761 238 794 prius
252 760 350 787 dixerit
365 760 540 787 descendisse
555 760 589 787 de
604 761 682 792 eazlo.
703 761 803 788 deinde
823 761 950 789 incarna-

163 812 232 834 tum.
267 806 394 841 Pugnant
430 805 487 840 (10)
523 813 641 840 namque
677 807 820 834 manifeste
853 813 947 835 contra

171 851 332 886 Apulliuarii
348 852 455 886 dogma.
471 853 585 879 Attende
604 852 696 884 etiam,
710 853 847 887 quomodo
862 853 950 880 incar-

162 905 258 925 natum
276 898 396 925 dicimus
414 898 539 930 veritate,
563 906 618 925 non
637 898 758 926 illusoria
773 899 875 933 specie.
894 899 951 927 Nec

161 946 236 971 enim
263 944 383 972 dicimus
413 944 551 971 incarnati
572 944 672 975 visum,
700 948 730 971 ut
749 943 843 972 Manes
861 945 951 972 aiebat

161 997 187 1018 et
203 991 292 1018 Cerdo
306 995 333 1017 et
350 990 460 1017 Marcio.

197 1037 238 1063 Ea:
254 1036 354 1070 Spiritu
366 1041 457 1063 sancto
469 1041 492 1062 et
506 1035 595 1062 Μανία
614 1035 729 1071 Virgine.
745 1036 803 1063 Non
815 1036 888 1063 enim
901 1044 950 1071 per

161 1082 274 1109 Mariam
292 1081 442 1117 Virginem,
470 1085 498 1108 ut
511 1081 698 1116 Apollinarius
720 1081 839 1114 dicebat,
860 1089 949 1117 neque

161 1129 233 1156 sicut
259 1136 307 1163 per
336 1128 459 1155 canalem
488 1127 634 1162 quemdam
662 1127 825 1163 virginalem
849 1137 949 1166 nempe

159 1176 263 1206 alvum,
290 1174 337 1201 Dei
366 1173 455 1200 Filius
479 1172 552 1200 inter
581 1180 632 1200 nos
657 1173 741 1206 venit,
769 1174 802 1201 de
822 1177 949 1210 supernis

161 1227 271 1247 carnem
305 1219 445 1251 deferens,
479 1223 607 1253 tanquam
628 1226 738 1253 semper
765 1221 948 1248 essentialiter

160 1266 210 1293 sibi
237 1265 405 1300 adiunctam,
427 1269 455 1291 ut
484 1264 645 1292 Valentinus
670 1265 814 1300 deliravit;
841 1268 888 1294 sed
916 1276 948 1294 ea:

159 1312 261 1347 Spiritu
272 1317 363 1339 sancta
374 1316 398 1339 ct
414 1311 504 1338 Maria
522 1310 639 1346 Virgine.

195 1358 237 1385 Ea:
258 1357 360 1392 Spiritu
373 1362 474 1385 sancto.
497 1357 567 1390 Quia
580 1357 650 1384 Deus
672 1361 743 1391 erat,
755 1357 801 1392 qui
816 1358 843 1385 in
868 1363 947 1387 utero

158 1404 283 1438 virginali
304 1403 435 1431 formatus
450 1407 492 1430 est
512 1403 612 1430 infans.
636 1402 678 1430 Ex
702 1404 791 1430 Maria
821 1402 947 1438 Virgine,

159 1450 221 1485 quia
237 1450 270 1477 dc
287 1451 406 1476 essentia
424 1450 484 1484 ejus
497 1453 558 1476 erat
569 1448 642 1483 quod
661 1448 695 1476 ab
716 1455 749 1476 eo
774 1454 945 1484 assumptum

160 1501 226 1525 est:
252 1503 311 1530 quae
332 1496 421 1529 reipsa
445 1495 521 1529 virgo
543 1494 605 1527 fuit,
630 1494 731 1528 quippe
756 1502 818 1528 quze
842 1495 948 1523 srilicct

158 1543 238 1569 etiam
266 1548 373 1575 semper
396 1541 483 1575 virgo.
512 1539 606 1574 Neque
635 1540 707 1566 enim
729 1544 876 1575 antequam
903 1541 983 1586 illec

159 1592 328 1619 nasceretur,
354 1595 368 1613 ιι
385 1587 445 1614 viro
467 1587 577 1619 cognita
596 1586 694 1617 fuerat,
719 1592 749 1613 ut
767 1586 946 1621 Carpoerates

158 1635 267 1662 dicebat
294 1634 374 1667 eique
400 1632 554 1659 concordes
577 1631 731 1659 Massaliani
746 1653 753 1664 ,
771 1640 861 1667 neque
885 1640 946 1668 post

159 1681 342 1708 nativitatem.
368 1678 420 1705 Per
451 1679 509 1706 inec
523 1678 632 1711 Apelles
656 1686 765 1713 quoque
792 1680 947 1707 extruditur

159 1727 194 1754 de
206 1734 271 1754 vero
291 1734 372 1761 grege
396 1725 511 1758 Christi,
527 1725 572 1759 qui
585 1732 648 1752 eum
667 1733 720 1752 non
737 1733 771 1752 ex
788 1725 871 1753 Maria
883 1726 946 1754 Vtr-

160 1774 222 1808 gine
238 1772 338 1802 aiebat.
357 1771 406 1799 sed
420 1779 453 1798 ex
468 1775 585 1806 quatuor
598 1771 743 1798 elementis
759 1771 812 1799 sibi
834 1780 945 1800 carnem

162 1819 351 1854 compegisse;
368 1819 393 1844 in
409 1825 469 1852 qua:
487 1818 570 1844 etiam
585 1821 678 1852 postea
703 1817 837 1845 dissoluta
852 1818 945 1852 fuerit,

160 1866 270 1899 quando
285 1864 312 1890 in
332 1863 430 1891 caelum
447 1863 536 1889 rediit.

199 1911 250 1942 Qui
280 1909 422 1936 descendit.
466 1909 634 1936 Descensum
674 1909 794 1944 cogitare
827 1915 946 1945 oportet,

158 1963 216 1982 non
237 1955 269 1981 de
285 1955 344 1981 loco
368 1954 559 1981 translatitiam
584 1955 774 1986 mutationem,
801 1955 848 1982 sed
880 1964 947 1984 con-

158 2001 371 2029 descensionem
391 2001 424 2027 ad
442 2007 504 2027 nos.

198 2046 358 2074 Iltcarnatus
374 2050 411 2072 eo!
429 2050 452 2072 et
473 2045 549 2071 homo
566 2044 662 2079 factus.
677 2045 704 2073 ld
717 2051 769 2080 est,
792 2055 846 2075 non
860 2048 949 2076 solum

161 2100 285 2124 carnem,
303 2091 352 2119 sed
381 2095 408 2117 et
435 2090 554 2118 animam
584 2095 614 2118 et
633 2096 753 2120 mentem
785 2097 812 2120 et
839 2101 949 2121 omnem

164 2139 278 2166 omnino
318 2137 456 2164 hominem
496 2137 656 2172 assumpsit,
700 2146 755 2165 non
795 2141 949 2168 secundum

160 2181 375 2218 Apollinarium.

1004 257 1167 288 6ο).ον,ἀλλὰ
1180 258 1226 284 τὶν
1243 258 1338 290 αὐτόν;
1353 257 1404 285 Διὰ
1431 258 1510 285 τοῦτο
1528 259 1581 293 γὰρ
1612 261 1657 286 καὶ
1682 259 1794 287 Παῦλον

1003 302 1048 328 ’ξὺν
1065 303 1224 337 Σαμοσατέα
1237 304 1285 330 καὶ
1303 304 1451 338 Νεστόριον
1469 304 1666 337 ἀποῦάλλεται,
1678 305 1743 336 τοὺς
1762 305 1795 331 τὸ

1003 350 1063 376 ὅλον
1094 351 1248 384 πρόσφατον
1280 352 1327 378 καὶ
1356 351 1409 378 ἀπὸ
1434 351 1546 386 Μαρίας
1565 352 1720 386 ἀρξάμενον
1745 352 1795 378 τὸν

1003 396 1120 431 Χριστὸν
1141 397 1379 432 βλασφημοῦντας.
1401 397 1482 424 Ἀλλὰ
1500 397 1531 433 δὴ
1555 398 1601 424 καὶ
1619 399 1632 424 ὁ
1646 399 1726 428 ἄνους
1747 398 1795 424 ’Δ-

1003 442 1174 477 πολλινάριος
1187 443 1230 469 διὰ
1244 443 1346 470 τούτων
1367 444 1416 478 τῆς
1433 443 1595 478 Ἐκκλησίας
1615 442 1792 479 ἀφορίζεται,

1003 487 1067 514 ἄλλο
1080 488 1165 514 κακὸν
1180 489 1301 516 ἐναντίον
1316 490 1451 524 τυγχάνον
1461 491 1516 520 τοῖς
1529 493 1682 524 προτέροις.
1703 490 1796 516 Ἐκεῖ-

1002 541 1042 559 νοι
1058 533 1110 569 γὰρ
1123 534 1155 560 ἐκ
1168 533 1277 569 Μαρίας
1292 534 1323 560 τδ
1337 534 1406 565 ὅλον,
1421 534 1458 565 ὡς
1472 535 1569 567 εἰπεῖν,
1597 535 1730 570 ἄρξασθαι
1744 537 1794 562 τὸν

1003 578 1121 611 Χριστὸν
1134 578 1248 611 ἔφασαν·
1265 579 1290 605 οἱ
1300 578 1328 605 δὲ
1345 579 1408 613 περὶ
1427 579 1639 613 Ἀπολλινάριον,
1651 582 1680 605 τὲ
1691 580 1746 606 πᾶν
1762 580 1796 607 ᾶ-

1003 621 1087 648 νωθεν
1102 622 1185 657 ἔχειν,
1200 624 1246 649 καὶ
1258 622 1342 658 μηδὲν
1355 625 1386 649 ὲκ
1396 623 1442 658 τῆς
1455 623 1592 657 Παρθένου
1604 623 1792 657 ἀνειληφέναι,

1001 666 1069 693 ἀλλὰ
1079 667 1124 693 καὶ
1135 667 1183 702 τὴν
1192 668 1281 703 σάρκα
1293 669 1325 695 ὲκ
1340 668 1393 695 τῶν
1402 669 1457 695 ἄνω
1472 671 1650 704 καταγαγεῖν,
1661 672 1706 696 καὶ
1723 670 1795 705 μηδὲ

1002 712 1105 739 τέλειον
1120 713 1265 748 ἄνθρωπον
1278 714 1359 741 εἶναι.
1374 715 1456 741 Λείπε
1463 723 1487 741 ιν
1499 716 1554 750 γὰρ
1570 716 1644 750 αὐτῷ
1654 716 1700 742 τὸν
1714 717 1794 748 νοῦν,

1002 758 1049 784 καὶ
1059 759 1121 785 ἀντὶ
1129 759 1176 785 τοῦ
1185 759 1231 787 νοῦ
1243 761 1389 794 τυγχάνειν
1403 761 1477 795 αὐτῷ
1486 761 1533 796 τὴν
1543 761 1668 796 θεότητα.
1681 763 1751 797 ’θρα
1761 763 1793 789 δὲ

1003 802 1061 834 πῶς
1077 803 1183 838 πρῶτον
1193 804 1356 832 κατελθόντα
1367 803 1445 832 εἶπεν
1457 807 1488 831 ἐκ
1505 807 1559 832 τῶν
1574 807 1707 841 οὐρανῶν,
1730 807 1795 834 εἶτα

1004 847 1190 882 σαρκωθέντα.
1209 849 1280 884 Πρὸς
1293 850 1348 885 γὰρ
1362 850 1392 875 τὸ
1405 850 1452 876 τοῦ
1475 851 1679 886 ’Λπολλιναρίου
1696 854 1794 886 σαφῶς

967 881 988 908 Β
1002 881 1304 930 ἀπομάχονταιδὸνμαξ
1317 881 1389 930 ’Πρα
1399 896 1427 922 δὲ
1444 896 1502 928 πῶς
1512 881 1687 932 σαρκωθΙέντα
1699 881 1795 933 φαμὲν

1001 939 1127 974 ἀληθείᾳ,
1149 941 1179 967 οὺ
1192 942 1337 977 φαντασίᾳ.
1349 942 1387 969 Οὐ
1407 943 1460 977 γὰρ
1475 942 1651 979 σαρκωθῆναι
1662 944 1793 979 δόξαντα,

1002 983 1096 1019 ὥσπερ
1109 985 1196 1018 Μάνις
1212 987 1236 1021 (1
1245 986 1270 1022 Ι)
1283 987 1358 1021 ἔλεγε
1374 989 1419 1014 καὶ
1428 988 1538 1023 Κέρδων
1552 989 1599 1015 καὶ
1610 990 1758 1025 Μαρκίων.

1043 1030 1091 1057 Ἐκ
1107 1033 1282 1066 Πνεύμιιτος
1295 1034 1381 1067 ἁγίου
1397 1035 1447 1061 καί
1469 1035 1585 1070 Μαρίας
1603 1035 1658 1070 τῆς
1679 1037 1795 1071 Παρθέ-

1001 1084 1067 1103 rev.
1079 1077 1116 1103 Οὐ
1134 1077 1187 1113 γὰρ
1202 1078 1246 1105 διὰ
1263 1079 1373 1113 Μαρίας
1390 1082 1439 1115 τῆς
1454 1081 1650 1116 Παρθένου.ὼς
1666 1082 1796 1110 Ἀπολλιυ

1002 1123 1094 1157 νάριος
1123 1123 1212 1158 ἔλεγε,
1237 1125 1291 1151 οὐδ’
1317 1125 1411 1162 ὥσπερ
1431 1126 1475 1153 διὰ
1501 1127 1621 1163 σωλῆνός
1639 1137 1711 1160 τινος
1739 1130 1795 1165 τῆς

1001 1169 1168 1205 παρθενικῆς
1195 1171 1311 1206 μήτρας,
1330 1172 1343 1198 ὁ
1357 1172 1420 1204 Υἱὸς
1446 1173 1495 1199 τοῦ
1518 1173 1584 1200 Θεοῦ
1606 1175 1794 1211 ἐπεδήμησεν,

1000 1214 1104 1242 ἄνωθεν
1121 1216 1170 1250 τὴν
1189 1217 1279 1250 σάρκα
1295 1218 1422 1252 κατάγων
1441 1219 1479 1250 ὡς
1499 1220 1543 1245 ἀεὶ
1567 1223 1792 1257 συνουσιωμένην

998 1261 1084 1297 αὐτῷ,
1098 1262 1224 1297 καθάπερ
1235 1263 1410 1296 Οὑαλεντίνος
1427 1265 1572 1301 ἐλήρησεν,
1585 1267 1643 1293 ἀλλ’
1653 1267 1687 1293 ἐκ
1695 1269 1794 1295 Πγεύ-

995 1314 1089 1340 ματος
1098 1307 1184 1341 ἁγίου
1197 1308 1246 1333 καὶ
1256 1309 1371 1343 Μαρίας
1381 1309 1435 1344 τῆς
1448 1310 1612 1344 Παρθένου.

1041 1353 1088 1378 Ἐκ
1113 1354 1287 1388 Πνεύματος
1322 1355 1420 1389 ἁγίου.
1441 1356 1504 1383 Ὀτι
1530 1356 1596 1388 Θεὺς
1622 1355 1657 1392 ἦν
1676 1358 1690 1383 ό
1710 1357 1740 1384 ὲν
1755 1360 1791 1393 τῇ

998 1398 1150 1435 παρθενικῇ
1165 1399 1416 1436 βρεφουργούμενος
1436 1403 1544 1438 μήτρᾳ·
1557 1404 1673 1437 Μαρίας
1689 1404 1716 1430 δὲ
1733 1403 1794 1438 τῆς

999 1446 1165 1479 Παρθένου,
1178 1447 1257 1473 ὃτιὲκ
1264 1447 1314 1482 τῆς
1324 1449 1416 1480 οὐσίας
1425 1450 1510 1484 αὐτῆς
1519 1448 1552 1485 ἧν
1565 1451 1595 1476 τὸ
1606 1450 1792 1486 πρόσλημμιι,

999 1492 1050 1526 τῆς
1064 1491 1148 1524 ὄντως
1164 1494 1311 1528 παρθένου,
1328 1495 1375 1521 ἅτε
1394 1495 1425 1530 δὴ
1440 1497 1486 1521 καὶ
1510 1497 1703 1532 ἀειπαρθενου.
1717 1497 1791 1525 Οὒτε

999 1538 1054 1572 γὰρ
1068 1538 1122 1572 πρὸ
1150 1540 1200 1574 τῆς
1213 1541 1366 1575 γεννήσεως
1383 1541 1506 1577 ἐγνώσθη
1521 1541 1609 1577 ἀνδρὶ,
1620 1542 1657 1573 ὡς
1674 1543 1792 1577 Καρπο-

1000 1585 1103 1620 κράτης
1117 1584 1194 1619 ἔλεγε
1208 1585 1255 1612 καὶ
1272 1586 1401 1612 οιτούτου
1416 1587 1567 1622 ὁμόφρονες
1583 1588 1788 1620 Μασσαλιανοὶ.

981 1664 985 1667 Δ
1000 1629 1061 1657 οὔτε.
1081 1631 1151 1665 μετὰ
1163 1631 1214 1666 τὴν
1243 1632 1384 1667 γέννησιν.
1400 1633 1450 1658 Διὰ
1469 1632 1570 1660 τούτων
1585 1634 1632 1660 καὶ
1654 1634 1792 1670 Ἀπελλῆς

999 1676 1183 1703 ἀπελαύνεται
1202 1677 1251 1712 τῆς
1266 1678 1398 1713 ἀληθινῆς
1417 1680 1535 1714 ποίμνης
1545 1680 1673 1714 Χριστοῦ,
1688 1683 1738 1708 οὐκ
1755 1683 1792 1708 ὲκ

999 1722 1111 1757 Μαρίας
1131 1723 1179 1758 τῆς
1204 1723 1343 1757 Παρθένου
1370 1724 1483 1758 φάσκων
1516 1725 1608 1759 αὑτὸν,
1638 1727 1670 1753 ὲκ
1683 1727 1711 1753 δὲ
1734 1727 1793 1754 τῶν

999 1769 1140 1805 τεσσάρων
1149 1770 1290 1804 στοιχείων
1304 1770 1353 1806 τὴν
1361 1770 1459 1797 ἑαυτοῦ
1476 1771 1565 1806 σάρκα
1581 1772 1792 1808 συμπήξασθαι,

1001 1815 1041 1846 εἰς
1053 1814 1071 1841 ὃ.
1090 1816 1136 1841 καὶ
1149 1814 1264 1850 ὕστερον
1279 1816 1456 1851 ὰναλυθῆναι,
1470 1817 1515 1844 ὅτε
1530 1819 1571 1849 εἰς
1583 1819 1714 1854 οὐρανοὺς
1742 1821 1794 1847 ἁν-

1001 1861 1136 1896 εληλύθει.

1039 1907 1242 1934 Κατελθόντα.
1256 1907 1378 1935 Κάθοδον
1408 1908 1517 1944 νοητὲον
1541 1909 1571 1936 οὺ
1594 1910 1644 1945 τὴν
1661 1910 1693 1936 ἐκ
1707 1911 1793 1938 τόπου

1004 1953 1190 1988 μεταὸατικὴν
1205 1954 1382 1988 μετάστασιν,
1394 1955 1463 1981 ἀλλὰ
1479 1956 1527 1990 τὴν
1540 1956 1608 1991 πρὸς
1626 1957 1699 1992 ἡμᾶς
1721 1965 1794 1992 συγ-

1004 1999 1165 2026 κατάϐασιν.

1039 2046 1232 2080 Σαρκωθέντα
1253 2047 1303 2074 καί
1313 2048 1594 2082 ἐνανθρωπήσαντα.
1608 2050 1751 2077 Τουτέστιν
1762 2051 1795 2077 οὐ

1007 2093 1087 2127 μόνον
1106 2093 1207 2127 σάρκα,
1223 2093 1293 2120 ἀλλὰ
1323 2094 1370 2120 καὶ
1392 2094 1483 2129 ψυχὴν
1509 2095 1556 2121 καὶ
1583 2095 1645 2122 νοῦν
1659 2100 1705 2122 καὶ
1725 2097 1796 2129 ὅλως

1004 2138 1063 2164 ὅ).ον
1074 2137 1237 2173 ἀνειληφότα
1249 2138 1296 2165 τὸν
1309 2138 1464 2174 ἄνθρωπον,
1477 2140 1538 2175 οὐχὶ
1552 2140 1622 2167 κατὰ
1633 2141 1678 2168 τὸν
1696 2142 1798 2168 Ἄπολ-

1006 2193 1143 2220 λιναριον.

199 2229 397 2263 Cruci/"imaque
421 2236 467 2261 pro
486 2227 559 2254 nobis
574 2227 620 2254 sub
638 2226 731 2254 Pontio
755 2228 856 2257 Pilato.
881 2229 949 2257 Ecce

1041 2230 1252 2264 Σταυρωθέντα
1268 2239 1301 2257 τε
1315 2231 1390 2265 ὑπὲρ
1400 2230 1486 2266 ἡμῶν
1497 2232 1545 2258 ἐπὶ
1562 2233 1688 2260 Ποντίου
1704 2233 1798 2260 Πιλά-

166 2276 296 2303 Βίιείιίιίρε
311 2282 419 2309 quoque
445 2282 493 2309 per
516 2274 568 2301 hoc
593 2274 727 2308 rejieitur,
747 2275 793 2309 qui
811 2275 848 2302 ait
864 2275 954 2303 Simo-

165 2330 226 2349 nunt
246 2321 350 2355 Magum
374 2320 457 2347 fuisse
474 2328 593 2354 passum,
611 2321 657 2354 qui
673 2320 798 2348 Christus
814 2326 954 2355 reputatus

165 2366 249 2393 fuerit
276 2366 351 2392 Sicut
365 2365 446 2391 etiam
467 2364 621 2397 ismaelitae,
641 2364 687 2398 qui
709 2364 876 2392 arbitrantur
889 2373 952 2393 eum

167 2412 325 2447 prophetam
343 2418 374 2437 ac
397 2410 452 2437 Deo
464 2410 593 2437 dilectum
614 2414 841 2445 assumptumque
856 2411 883 2438 in
898 2418 954 2439 ete-

159 2459 233 2488 .lum,
251 2464 360 2491 passum
373 2456 482 2491 quidem
508 2456 593 2483 fuisse
616 2456 703 2488 aiunt,
725 2457 775 2484 sed
793 2457 951 2484 cruciiixam

168 2505 227 2538 ejus
241 2504 377 2530 umbram.
402 2503 454 2531 Sub
471 2502 565 2529 Pontio
581 2502 678 2529 Pilato.
695 2503 727 2530 Et
744 2503 807 2536 hoc,
822 2509 851 2530 ut
862 2512 895 2531 ex
914 2504 955 2530 hi-

168 2542 253 2576 storia
271 2557 331 2583 qua:
359 2553 468 2583 tempus
496 2549 641 2583 diligenter
668 2548 758 2579 docet,
785 2549 831 2583 qui
857 2549 955 2576 dicunt

168 2595 307 2622 Christum
323 2600 415 2622 natum
431 2594 513 2621 fuisse
525 2602 555 2621 ex
570 2593 653 2621 Maria
670 2602 764 2623 sorore
776 2595 956 2631 Moysis,eon«

164 2643 332 2670 iutarentur.

288 2689 321 2716 Et
337 2696 429 2724 passus
444 2693 469 2715 et
484 2688 601 2722 sepultus
626 2692 675 2720 est,
699 2693 724 2715 et
740 2689 882 2716 resurrexit
902 2693 957 2716 ter-

207 2792 262 2823 (10)
273 2791 392 2826 Symboli
407 2797 545 2821 auctores.

276 2828 320 2870 _S_ie
336 2827 404 2870 h_._l.‘
422 2829 510 2868 reperi
521 2835 579 2870 'pro
597 2827 707 2870 Μάνης.
878 2862 884 2870 Ι

158 2868 161 2871 ‘
198 2863 262 2898 ,(12)
276 2862 585 2899 llicvidetnrexcidisse
610 2863 737 2898 verbum,
751 2869 815 2892 v.e.
831 2862 958 2892 παύσων-

1009 2284 1072 2303 του.
1096 2275 1162 2302 Ἰδοὺ
1178 2276 1224 2302 καὶ
1247 2276 1409 2309 Βασιλείδης
1428 2277 1473 2304 διὰ
1499 2278 1595 2305 τούτου
1618 2278 1794 2311 ἐκϐάλλεται,

1006 2321 1115 2356 Σίμωνα
1129 2321 1227 2347 παθεῖν
1237 2321 1284 2348 τὸν
1300 2322 1396 2356 Μάγον
1411 2322 1509 2356 λέγων,
1530 2323 1697 2358 νομισθέντα
1714 2323 1792 2351 εἶναι.

1006 2367 1123 2402 Χριστόν
1133 2376 1140 2383 ·
1163 2367 1257 2402 ὥσπερ
1272 2368 1319 2393 καὶ
1333 2368 1356 2394 οἱ
1377 2367 1548 2403 Ἰσμαηλῖται
1563 2370 1645 2396 αὑτὸν
1662 2370 1711 2404 μὲν
1726 2379 1796 2405 προ-

1007 2414 1097 2448 φήτην
1111 2412 1309 2448 εἷναιοὶόμενοι
1323 2415 1368 2440 καὶ
1384 2415 1526 2450 ἀγαπητὸν
1539 2415 1578 2451 τῷ
1589 2416 1649 2450 Θεῷ
1665 2417 1712 2442 καὶ
1724 2418 1796 2443 ἅνα-

1007 2459 1142 2495 ληφθῆναι
1161 2460 1200 2491 εἰς
1216 2460 1361 2494 οὐρανοὺς,
1379 2461 1501 2487 παθόντα
1518 2462 1578 2496 μὲν,
1596 2462 1792 2497 σταυρωθῆναι

1006 2505 1034 2532 δὲ
1050 2505 1132 2531 αὐτοῦ
1147 2505 1197 2540 τὴν
1225 2506 1316 2533 σκιάν.
1336 2506 1401 2533 Ἐπὶ
1431 2509 1558 2534 Ποντίου
1577 2508 1718 2536 Πιλάτου.
1741 2511 1797 2536 Καὶ

1011 2550 1101 2582 τοῦτο,
1117 2550 1160 2577 ἵνα
1176 2550 1206 2582 ἐξ
1225 2551 1358 2586 ἱστορίας,
1384 2551 1430 2578 τὸν
1459 2553 1556 2587 χρόνον
1570 2553 1692 2588 ἀκριϐῶς
1706 2563 1797 2590 παρα.

1012 2596 1147 2630 διδούσης,
1166 2596 1191 2623 οἱ
1206 2596 1261 2623 ἀπὸ
1275 2597 1384 2632 Μαρίας
1394 2599 1444 2632 τῆς
1457 2599 1576 2634 ἀδελφῆς
1595 2601 1736 2632 Μωῡσέως
1749 2603 1798 2629 τὸν

1011 2641 1130 2675 Χριστὸν
1150 2643 1334 2677 γεγεννῆσθαι
1349 2645 1500 2678 φάσκοντες
1520 2646 1587 2681 (19).

1051 2707 1057 2714 .
1077 2706 1085 2715 .
1104 2707 1111 2714 .
1128 2707 1135 2714 .
1154 2708 1163 2716 .
1180 2707 1188 2715 .
1206 2707 1213 2715 .
1229 2708 1236 2715 .
1255 2708 1263 2716 .
1283 2709 1290 2716 .
1308 2691 1363 2725 (l5)
1377 2690 1430 2718 Καὶ
1446 2691 1580 2718 παθόντα
1594 2692 1641 2719 καί
1655 2693 1800 2729 ταφέντα,

1013 2801 1060 2832 ται
1068 2793 1215 2832 ληροῦντες
1230 2801 1279 2832 aut
1293 2797 1364 2824 aliud
1376 2797 1440 2832 quid
1461 2797 1523 2825 tale.

1038 2830 1094 2865 (l3)
1108 2831 1178 2858 Ante
1194 2831 1240 2858 καὶ
1254 2833 1280 2859 in
1303 2830 1448 2860 codiceest
1460 2833 1576 2868 spatium
1595 2842 1725 2864 vacuum.
