1868 3044
50 117 65 137 9

47 220 112 247 Ναί.
137 221 210 256 Ἔφη
231 222 388 257 Εὐθὺμιος·
414 223 476 249 ‘E.-.v
496 223 578 258 ἡμεῖς
604 224 680 258 μόνοι
697 224 746 259 τὴν
774 225 841 259 ἠμε-

47 267 133 301 τὲραν
149 267 263 303 Γραφὴν
279 269 502 303 μαρτυρήσωμεν
522 268 609 304 ἀληθῆ
637 266 718 300 εἶναι.
748 270 842 304 (ξαινό-

50 313 121 348 μεθα
136 314 273 348 ψεῦσται*
299 314 359 341 ἐστι
385 315 438 349 γὰρ
453 316 466 341 6
483 316 631 350 μαρτυρῶν
657 316 724 348 Θεὸς
740 317 771 342 ὲκ
788 316 842 342 τῶν

50 359 175 393 ἀπείρων
195 359 345 393 θαυμάτων
362 360 416 386 τῶν
433 361 461 386 ἐν
478 361 537 392 ταῖς
559 361 733 395 Ἐκκλησὶαις
757 362 838 396 ἡμῶν

48 405 206 439 γενομένων
218 414 226 420 ·
243 406 318 440 ὅμως
335 405 406 432 ετπω
425 414 466 432 σοι
484 407 529 433 καὶ
543 406 577 432 δι’
595 407 628 441 ἣν
645 407 736 433 mm
748 406 842 441 ὁμολο-

49 453 142 485 γεῖται
155 452 198 478 ὅτι
222 452 238 477 6
263 451 386 482 διάϐολος
413 452 528 486 ἄγγελος
551 450 584 487 ἦν
612 452 726 487 πρώτως
753 452 840 478 Θεοῦ·

48 498 95 523 nl.
118 497 234 529 ἐξέπεσε
252 499 310 528 ναὶ,
336 497 352 532 ἢ
369 497 418 530 ob;
446 498 528 532 Λέγει
545 499 558 524 6
585 497 754 532 Σαρακηνός·
773 497 838 524 Nai.

51 543 123 578 Ἔφη
152 543 167 568 6
196 542 353 577 Εὐθύμιος·
383 544 439 570 Καὶ
466 543 558 569 πεσὼν
580 544 595 569 6
622 542 755 574 διάϐολος,
779 542 840 569 τινα

49 589 188 622 conﬁcta;
215 587 356 623 ὲ-ιίκησενς
377 588 457 621 Λέγει
478 589 491 614 6
508 587 667 622 Σαρακηνός
681 595 687 601 ·
714 587 766 614 Τὸν
792 587 840 614 ἄν-

50 634 171 668 θρωπον.
201 634 275 669 Ἔφη
299 635 312 659 6
329 633 483 668 Εὐθύμιος·
505 633 661 668 Κηδόμενος
677 633 691 659 6
705 632 772 664 Θεὸς
790 632 840 667 τὴν

54 680 133 713 φύσιν
146 680 204 706 τῶν
221 679 386 714 ἀνθρώπων,
404 680 454 705 οὐκ
468 679 561 706 εἴασεν
589 679 675 714 αὐτὴν
691 687 840 713 τυραννου-

53 725 133 759 μένην
149 725 203 751 ὑπ’)
219 725 266 751 τοῦ
283 725 401 758 Σατανᾶ,
423 725 491 752 ἀλλὰ
516 724 684 760 σωτηριώδει
698 724 840 760 οἰκονομίᾳ

52 770 139 805 ἠνώθη
155 772 189 806 τῇ
216 770 419 806 ἀνθρωπότητι,
445 770 534 802 καθὼς
562 771 696 806 ἀριδήλως
718 771 742 796 ol.
766 770 839 804 ἅγιοι

53 817 188 850 προφῆται
204 817 281 851 ἡμᾶς
295 816 476 843 διδάσκουσιν.
494 817 595 843 ’Δκουι
611 816 658 842 τοῦ
675 816 837 850 μεγαλοφω-

51 863 161 888 νοτάτου
177 863 209 888 'H
216 863 294 889 aa‘tou
300 862 426 896 λέγοντος
433 864 453 878 ³·
464 862 587 889 Παιδίον
598 861 745 897 ἐγεννήθη
754 861 837 896 ἡμῖν,
853 851 875 879 Β

52 910 112 941 υἱὸς
127 909 176 935 καὶ
193 908 285 942 ἐδόθη
303 909 384 943 ἡμῖν,
397 909 446 936 καὶ
462 909 596 936 καλεῖται
615 909 648 936 τὸ
663 908 758 942 ὄνομα
785 909 836 935 au—

52 954 101 980 τοῦ
116 954 256 988 μεγάλης
280 953 399 987 βουλῆς
414 954 568 989 Ἀγνιιελος,
598 953 670 986 Θεὸς
700 953 836 987 ἰσχυρὸς,

53 999 268 1034 ἑξουσιαστὴς,
279 1000 379 1034 ἄρχων
387 1000 520 1034 εἰρήνης,
535 1000 636 1033 Πατὴρ
646 999 698 1027 τοῦ
710 999 839 1034 μέλλον-

53 1055 101 1078 τος
113 1046 234 1079 αἰῶνος.
259 1047 342 1082 Ὀρᾷς
358 1046 416 1078 πῶς
428 1047 442 1073 6
453 1047 597 1081 προφήτης
612 1045 659 1072 καὶ
671 1045 777 1072 παιδίον
791 1045 839 1071 καὶ

54 1091 116 1118 Θεὴν
132 1093 281 1125 ὲκάλεσεν;
295 1093 350 1120 Καὶ
364 1093 378 1119 6
392 1092 527 1127 Μωῦσῆς,
545 1090 774 1127 θεασάμενοςιτὴν
793 1090 841 1126 βά-

55 1147 98 1165 τον
112 1138 266 1174 καιομένην
294 1138 395 1174 καὶμὴ
424 1137 678 1173 καταφλεγομένην,
704 1136 731 1163 τί
763 1145 805 1163 σοι
830 1135 891 1162 δοκε

58 1183 195 1218 θεὰεητος,
215 1183 231 1218 ἦ
245 1182 276 1209 οὔ
289 1192 297 1216 ;

88 1229 124 1262 ς’.
142 1229 227 1264 Λέγει
243 1230 258 1256 6
275 1230 434 1265 Σαρακηνός
447 1233 457 1243 ⁸
469 1229 525 1256 Καὶ
540 1229 598 1261 πῶς
611 1227 645 1265 ἦν
657 1228 770 1256 δυνατὺν
784 1228 840 1263 ψη-

56 1275 175 1310 ὶιφητδν
190 1275 316 1309 γενέσθαι
330 1275 374 1302 τὸν
388 1275 453 1301 Θεὸν
471 1277 499 1302 ὲν
514 1275 554 1310 τῷ
567 1273 704 1310 ἀνθρώπῳ
719 1282 726 1290 ·
738 1274 787 1301 καὶ
802 1274 840 1309 μὴ

58 1320 254 1355 ἁλλοιωῦῆναι;
279 1321 350 1356 Ἔφη
365 1322 378 1347 6
390 1321 526 1356 Εὑθὺμιος
540 1329 546 1335 ·
567 1320 674 1355 ’Ὠσπερ
695 1320 749 1354 γὰρ
765 1318 841 1346 ἐνοῦ-

59 1375 100 1392 ut
119 1366 159 1400 τῷ
174 1366 277 1401 σιδήρῳ
291 1366 321 1392 τὸ
337 1366 393 1401 πῦρ
404 1375 412 1381 ·
428 1367 475 1393 καὶ
500 1367 547 1393 ποτ
563 1366 613 1401 μὲν
626 1367 735 1401 ἐνεργεῖ
751 1367 767 1400 ἡ
791 1364 842 1399 φύ-

61 1421 99 1443 σις
113 1412 151 1438 τὰ
171 1411 218 1438 τσῦ
235 1411 330 1447 πυρὸς,
348 1413 393 1438 ποτ
415 1412 468 1439 δὲό
483 1412 591 1448 σίδηρος
608 1413 642 1439 τὰ
652 1413 749 1444 οἰκεῖα,
766 1411 840 1437 οὕτω

64 1458 108 1484 ul.
124 1458 142 1492 ἡ
157 1457 228 1492 ψυχὴ
242 1458 276 1484 τὰ
291 1457 361 1489 Gaia,
378 1458 425 1484 καὶ
442 1457 475 1490 δὴ
489 1458 518 1484 τὸ
534 1458 613 1492 σῶμα
626 1457 661 1484 τὰ
686 1456 733 1484 τοῦ
749 1457 841 1491 σώμα-

51 117 85 147 25
661 121 892 153 DISPUTATIO
917 122 964 152 DE
983 121 1082 153 FIDE.
1648 117 1682 149 26

47 175 140 202 δεκτοὶ
166 175 308 210 μάρτυρές
324 178 405 209 εἰσιν,
424 177 441 213 ἦ
459 177 489 203 οὔ
504 186 512 210 ;
527 177 609 211 Λέγει
637 177 652 204 6
668 178 840 213 Σιρακηνός·

928 179 963 205 les
981 183 1055 209 sunt.
1079 176 1189 204 necne?
1205 176 1274 204 Dicit
1299 176 1452 204 Saracenus
1477 183 1484 203 :

1513 175 1622 211 Utique.
1639 176 1685 204 Ait

894 223 1056 259 Euthymius
1071 232 1076 250 :
1092 223 1121 250 Si
1137 230 1188 250 nos
1205 223 1254 250 soli
1271 222 1439 257 Scripturam
1456 227 1578 249 nostram
1595 229 1683 250 veram

893 278 953 298 esse
972 274 1113 302 testemur,
1127 269 1273 296 mendaces
1297 269 1458 296 videbimur.
1477 268 1582 296 Etenim
1612 267 1684 295 Deus

894 317 1078 345 testimonium
1099 316 1203 351 przebet
1220 323 1268 350 per
1283 314 1413 342 miracula
1430 315 1571 342 innutnera
1586 314 1614 341 in
1631 314 1684 341 Ec-

892 362 982 390 clesiis
1002 362 1103 389 nostris
1118 365 1233 397 patrata.
1251 361 1391 395 Simulque
1407 361 1450 387 aio
1465 360 1524 393 tibi,
1541 368 1621 396 quam
1648 359 1684 387 ob

892 416 1002 437 causam
1019 408 1179 439 aﬂirmetur,
1199 407 1335 434 diabolum
1365 410 1442 433 antea
1460 406 1542 433 fuisse
1557 406 1682 440 angelum

894 454 950 482 Dei.
980 453 1030 481 Hic
1061 453 1203 481 exciditne
1243 453 1302 479 loco
1331 459 1392 483 suo,
1419 459 1453 478 an
1486 452 1590 478 secus?
1615 450 1684 478 Dicit

893 499 1063 527 Saracenus:
1080 499 1182 526 Excidit
1199 517 1206 525 .
1225 498 1269 525 Ait
1283 497 1465 532 Euthymius:
1480 496 1540 524 Jam
1557 495 1680 522 diabolus

892 546 951 572 loco
968 553 1018 572 suo
1033 550 1134 576 motus,
1149 551 1295 580 quemnam
1314 543 1416 570 invidia
1431 543 1552 577 percitus
1570 548 1685 575 supera-

892 592 939 619 vit.
971 591 1039 619 Dicit
1052 591 1205 618 Saracenus
1220 599 1226 617 :
1245 590 1388 617 Hominem
1401 609 1408 616 .
1426 589 1470 616 Ait
1493 587 1656 623 Euthymius
1673 595 1681 613 :

890 638 946 672 Age
962 644 1026 663 vero
1043 637 1113 663 Deus
1129 640 1233 663 naturae
1246 636 1370 662 humana:
1381 642 1472 661 curam
1488 641 1597 669 gerens.
1610 632 1682 659 haud

891 682 954 708 sivit
968 689 1028 710 eam
1043 683 1182 717 tyrannico
1193 682 1256 717 iugo
1269 689 1284 707 a
1299 681 1399 708 Satana
1423 680 1519 715 premi,
1529 679 1574 706 sed
1583 679 1686 705 saluta-

892 729 915 755 ri
930 729 1082 756 oeconomia
1098 728 1186 755 univit
1200 735 1229 755 se
1248 727 1420 758 humanitati,
1438 729 1509 753 sicut
1526 732 1578 752 nos
1593 724 1683 751 mani-

891 774 961 801 feste
978 775 1122 808 prophetae
1144 773 1231 801 sancti
1254 773 1354 800 docent
1370 793 1377 799 .
1395 773 1464 800 Audi
1480 772 1684 800 vocalissimum

891 819 987 847 Isaiam
1012 819 1169 846 dicentem:
1195 818 1327 844 Parvulus
1355 823 1433 844 nam:
1456 821 1493 844 est
1508 816 1593 847 nobis,
1614 815 1686 849 ﬁlius

890 865 969 892 datus
980 869 1018 892 es!
1034 865 1125 896 nobis;
1139 869 1162 891 et
1176 869 1283 890 vocatur
1297 872 1388 890 nomen
1402 863 1458 898 ejus
1475 863 1564 896 magni
1578 861 1685 888 consilii

888 911 1015 945 Angelus.
1033 909 1103 937 Deus
1129 911 1220 946 fortis,
1238 914 1339 944 potens,
1357 909 1485 942 Princeps
1500 908 1585 943 pacis,
1605 905 1688 932 Paler

890 952 973 986 fuluri
1002 956 1091 984 circuli
1102 956 1122 983 ³.
1157 954 1248 982 Viden‘
1265 959 1295 982 ut
1308 954 1441 989 Propheta
1457 958 1485 980 et
1501 952 1645 980 Parvulum
1661 955 1688 978 et

892 1001 976 1028 Deum
1004 1001 1132 1028 vocavit?
1148 1001 1212 1028 item
1230 1000 1263 1027 de
1276 999 1367 1034 MOyse
1376 999 1472 1026 rubum
1486 998 1626 1025 ardentem
1638 1004 1688 1024 nec

893 1051 985 1074 tamen
999 1047 1171 1074 combustum
1187 1049 1338 1080 spectante,
1353 1044 1417 1078 quid
1432 1044 1479 1071 tibi
1496 1042 1626 1070 videtur?
1641 1041 1686 1068 Di-

894 1099 1015 1126 gnumne
1035 1091 1103 1118 satis
1121 1091 1174 1118 tale
1190 1090 1351 1117 miraculum
1361 1089 1504 1116 divinitate
1513 1091 1566 1121 est,
1579 1093 1667 1114 necne
1676 1086 1689 1113 ἲ

895 1137 922 1169 τ;
949 1135 1039 1168 Ἀξιόν
1069 1136 1127 1162 ἐστι
1145 1136 1176 1162 τὸ
1203 1136 1308 1162 τοιοῦτο
1340 1134 1432 1170 θαῦμα
1452 1134 1612 1169 πρεπόντως
1638 1131 1690 1169 τῆς

928 1228 945 1255 6
959 1248 966 1254 .
985 1226 1056 1255 Dicit
1085 1227 1240 1254 Saracenus
1254 1234 1262 1253 :
1279 1225 1422 1259 Quomodo
1434 1225 1507 1253 Deus
1523 1225 1580 1252 ﬁeri
1601 1225 1689 1260 potuit

892 1274 1034 1310 palpabilis
1049 1274 1075 1300 in
1089 1273 1209 1306 homine,
1225 1281 1275 1300 nec
1288 1277 1377 1300 tamen
1397 1271 1557 1299 immutari?
1572 1270 1616 1297 Ait
1634 1270 1689 1298 Eu-

894 1320 1018 1356 thymius
1036 1328 1042 1345 :
1058 1319 1135 1346 Sicut
1154 1319 1250 1346 unitur
1275 1318 1347 1346 l'erro
1363 1318 1455 1353 ignis:
1483 1323 1510 1345 et
1534 1318 1604 1353 ignis
1627 1317 1688 1352 qui-

894 1367 957 1394 dem
973 1374 1033 1401 qum
1056 1370 1119 1393 sunt
1143 1365 1214 1401 ignis
1240 1370 1379 1400 operatur,
1409 1364 1511 1392 ferrum
1538 1364 1602 1391 item
1630 1371 1689 1399 quae

894 1413 953 1447 ejus
968 1417 1032 1439 sunt
1049 1411 1162 1446 propria
1176 1420 1184 1443 ;
1211 1415 1238 1438 et
1276 1410 1348 1438 sicut
1364 1411 1454 1437 anima
1471 1410 1612 1446 spiritalia,
1629 1418 1690 1437 cor-

895 1466 947 1494 pus
975 1466 1036 1493 quae
1062 1462 1127 1485 sunt
1151 1457 1259 1492 corpori
1286 1465 1427 1491 congrua;
1454 1457 1489 1484 ita
1518 1457 1545 1484 in
1579 1457 1689 1484 Christo

61 1511 120 1533 τος·
137 1503 208 1529 οὕτω
238 1503 270 1539 δὴ
295 1505 342 1530 καὶ
360 1504 406 1530 ἐπὶ
431 1503 477 1530 τοῦ
507 1503 628 1539 Χριστοῦ
654 1503 786 1538 γέγονεν’
802 1503 840 1535 ὡς

928 1505 1091 1535 uveniebat.
1114 1509 1143 1531 ut
1165 1503 1234 1530 Deus
1271 1503 1379 1536 divina,
1397 1507 1426 1530 ut
1455 1503 1536 1529 homo
1572 1503 1689 1530 humana

62 1549 125 1581 Θεὸς
143 1550 253 1585 ἐνήργει
270 1550 303 1576 τὰ
330 1549 401 1581 Θεία,
426 1550 473 1578 καὶ
499 1550 536 1582 ὼς
560 1549 703 1584 ἄνθρωπος
730 1550 840 1584 ἐνήργει

62 1596 93 1621 τὰ
131 1595 308 1630 ἀνθρώπινα·
345 1596 393 1622 καὶ
429 1597 592 1631 συνετήρουν
633 1596 667 1623 τὰ
699 1595 841 1630 ἀμφότερα

65 1639 201 1674 ξίιώματα.
229 1641 526 1676 ΛέγειόΣαρακηνόςε
551 1642 632 1676 Τρεῖς
660 1640 755 1673 εἰπὼν,
779 1641 841 1668 δυν-

65 1687 113 1722 ήσῃ
141 1688 226 1714 εἰπεῖν
261 1687 309 1714 καὶ
337 1687 475 1722 τέσσαρας
512 1687 559 1714 καὶ
591 1687 684 1716 πέντε.
721 1687 794 1722 Ἔφη
828 1687 842 1714 6

66 1732 214 1767 Εὐθῦμιος·
252 1732 296 1759 Ἐν
326 1732 365 1767 τῷ
398 1733 534 1768 ἀνθρώπῳ
565 1732 649 1759 εἰπὼν
686 1733 764 1767 λόγον
795 1733 843 1759 καὶ

68 1778 179 1812 πνεῦμα,
210 1779 313 1814 δυνήσῃ
341 1778 391 1805 καὶ
415 1778 509 1814 ἕτερον
539 1779 696 1814 προσθεῖναι
719 1787 765 1812 τις
789 1779 840 1805 Λέ-

69 1829 106 1856 γει
120 1825 133 1850 6
146 1824 314 1859 Σαρακηνὸςι
345 1823 425 1858 Οὐχί.
461 1822 544 1852 Εἶπεν
558 1825 573 1851 6
602 1824 738 1859 Εὐθύμιος
749 1833 755 1840 ·
775 1824 842 1851 Οὐδὲ

71 1869 119 1902 ἐγὼ
131 1870 224 1904 τίθημι
237 1870 397 1905 προσθήκην
415 1870 443 1896 ἐν
455 1871 488 1905 τῇ
504 1870 570 1905 ἁγίᾳ
589 1870 694 1905 Τριάδι.
720 1870 803 1904 Λέγει
828 1871 842 1896 6

73 1916 217 1951 Σαρακηνός
230 1925 238 1931 ·
251 1917 305 1944 Καὶ
317 1916 362 1943 διὰ
389 1917 416 1942 τί
433 1916 540 1950 γλυπτὰ
569 1916 634 1948 ξύλα
652 1918 842 1951 προσκυνεῖτε,

75 1963 114 1988 καὶ
129 1963 233 1994 εἰκόνας
266 1963 445 1997 προσκυνεῖτε
474 1961 652 1996 θεοπρεπῶς;
674 1962 746 1996 Ἔφη
762 1963 776 1988 6
795 1962 845 1988 Εὑ-

76 2007 176 2041 θὺμιος·
209 2007 239 2033 Ὀ
259 2007 306 2033 τὸν
334 2007 497 2041 χαρακτῆρα
515 2007 566 2040 τῆς
581 2006 686 2037 εἰκόνος
704 2006 751 2032 τοῦ
767 2006 844 2041 βασι-

73 2051 132 2082 ὶέως
147 2051 232 2086 τιμῶν
261 2051 309 2078 καὶ
333 2050 494 2086 προσκυνῶν
519 2051 559 2082 εἰς
581 2052 666 2086 τιμὴν
689 2051 736 2077 τοῦ
766 2051 844 2086 βασι-

75 2097 132 2127 λέως
147 2098 217 2123 ποιεῖ
235 2097 251 2132 ἦ
266 2097 305 2128 εἰς
321 2097 452 2131 ἀτιμίαν;
467 2096 550 2130 Λέγει
562 2097 577 2123 6
594 2097 754 2132 Σαρακηνός
764 2105 771 2112 ·
798 2097 845 2127 Εἰς

74 2143 158 2177 τιμήν.
185 2143 256 2177 Ἔφη
274 2143 288 2168 6
312 2143 461 2176 ΕὑΘύμιος·
476 2143 531 2169 Καὶ
547 2143 628 2177 ἡμεῖς
639 2143 679 2174 εἰς
694 2143 776 2178 τιμὴν
790 2143 844 2169 τῶν

75 2189 149 2221 ἁγίων
164 2189 277 2216 εἰκόνων
303 2188 512 2224 προσκυνοῦμεν
532 2189 627 2220 αὐτὰς,
655 2189 702 2216 καὶ
728 2190 758 2216 οὐ
787 2189 846 2216 Θεο-

76 2235 213 2270 πωοῦμεθα
225 2235 338 2266 ταύτας,
355 2234 392 2266 ὡς
411 2235 489 2269 ὑμεῖς
511 2235 616 2269 λέγετε.
631 2236 737 2269 Λέγειὸ
752 2237 845 2271 Σαρα-

74 2282 156 2316 κηνὸς·
179 2282 228 2308 Διὰ
248 2281 275 2308 τί
293 2281 407 2316 μίγνυτε
423 2280 468 2307 τὸν
485 2281 568 2316 ἄρτον
581 2282 628 2308 καὶ
642 2282 688 2308 τὸν
703 2279 784 2311 οἶνον,
800 2283 847 2308 καὶ

76 2326 239 2360 μετιδιδόειτε
255 2327 312 2357 τοῖς
324 2325 479 2360 ἀνθρώποις
499 2327 624 2360 λέγοντες
637 2328 680 2354 ὅτι
694 2327 774 2362 σῶμα
800 2328 848 2354 ml.

74 2370 134 2406 αἷμά
149 2373 206 2398 ἐστι
225 2371 274 2398 τοῦ
297 2372 417 2407 Χριστοῦ
430 2380 438 2405 ;
455 2371 515 2403 Πῶς
530 2372 642 2400 δυνατὴν
659 2372 786 2406 γενέσθαι
801 2373 847 2399 τὸν

73 2419 146 2453 ἄρτον
161 2419 253 2454 σῶμα,
265 2419 313 2445 καὶ
330 2419 375 2445 τὸν
391 2416 461 2445 οἶνον
475 2416 563 2454 altu;
579 2420 651 2453 Ἔφη
664 2420 678 2446 6
693 2419 828 2454 Εὐθύμιος
838 2428 846 2436 ·

74 2465 144 2500 Παρὰ
159 2465 212 2492 τῶν
239 2464 392 2500 ἀνθρώπων
411 2464 576 2500 βοσκόμενος
595 2464 676 2500 ἄρτος
692 2465 718 2491 τι
743 2465 848 2500 γίνεται

74 2511 143 2545 ἐντῷ
156 2510 313 2545 ἀνθρώπῳς
339 2510 431 2544 σῶμα,
456 2510 580 2545 ἦὲτερόν
597 2519 624 2536 τι
637 2510 693 2546 (2);
723 2510 806 2545 Λέγει
834 2512 848 2538 6

73 2557 231 2592 Σαρακηνὸς·
248 2557 420 2591 Σῶμα.¹Εφη
437 2557 450 2582 6
466 2557 614 2592 Εὐθύμιος·
629 2558 684 2585 Καὶ
700 2558 758 2589 πῶς
768 2558 848 2584 δυνα-

72 2603 110 2628 τὸν
134 2604 205 2638 κρέα.
227 2602 327 2629 ὲσοίιιν
343 2602 389 2628 τὸν
409 2602 552 2637 ἄνθρωπον
572 2602 632 2638 (5);
652 2603 693 2629 Τὰ
708 2604 763 2639 γὰρ
776 2604 848 2630 κατὰ

73 2648 145 2683 φύσιν
159 2649 299 2680 ἀδυνάτως
332 2648 424 2683 ἔχουσι
450 2648 579 2681 γενέσοαι
613 2649 689 2684 παρὰ
706 2649 807 2683 φύσιν·
833 2651 847 2676 6

103 2706 113 2722 ³
129 2707 180 2734 lsa.
197 2715 234 2740 lx,
251 2707 279 2734 6.
333 2707 345 2722 ⁵
360 2706 423 2734 Sur.
440 2714 465 2739 v,
477 2706 521 2733 99.

104 2777 139 2813 (Ξ)
154 2777 254 2805 Confer
264 2777 334 2812 apud
360 2777 516 2813 Gretserum
535 2780 635 2813 opp.t.
659 2775 714 2813 XV!
732 2768 842 2811 p.100,

75 2811 140 2848 paiia
154 2813 224 2848 dicta
240 2811 418 2848 ab’Abucara
434 2813 459 2839 in
485 2811 596 2848 Dialogo
607 2818 668 2848 cum
693 2811 842 2848 §araccno.

105 2848 140 2883 t5)
151 2847 248 2876 Conlcr
263 2848 363 2876 similia
373 2847 507 2876 dicentem
515 2847 644 2883 Cyrillum
653 2847 679 2874 in
687 2846 840 2876 Comment.

892 1550 1007 1584 agebat;
1025 1556 1052 1576 et
1068 1549 1153 1576 ambae
1176 1553 1282 1576 natura!
1299 1548 1480 1584 proprietates
1496 1556 1559 1575 suas
1584 1549 1689 1575 retine-

892 1595 966 1622 bant.
985 1594 1056 1622 Dicit
1082 1593 1406 1626 SaracenuszQuoniam
1436 1598 1491 1621 tres
1519 1593 1596 1625 dicis,
1623 1601 1690 1627 qua-

893 1646 955 1669 tuor
979 1641 1060 1668 etiam
1089 1641 1181 1668 dicere
1209 1641 1310 1675 poteris
1341 1644 1368 1667 et
1395 1640 1459 1667 item
1486 1640 1615 1675 quinque.
1644 1640 1690 1666 Ait.

893 1687 1072 1723 Euthymius:
1089 1687 1116 1714 In
1131 1686 1239 1714 homine
1261 1694 1322 1713 cum
1340 1686 1441 1714 dixeris
1454 1687 1566 1714 verbum
1594 1691 1620 1712 et
1635 1686 1688 1719 spi-

894 1734 986 1766 ritum,
1000 1733 1138 1768 poterisne
1162 1737 1189 1760 et
1217 1732 1290 1759 aliud
1301 1732 1447 1767 quidquam
1464 1731 1581 1766 adjicere
1594 1731 1606 1756 ’ἶ
1619 1730 1688 1756 Dicit

894 1780 1065 1808 Saracenus:
1090 1779 1277 1814 Nequaquam.
1299 1780 1345 1805 Ait
1371 1778 1533 1812 Euthymius
1551 1786 1558 1803 :
1576 1777 1615 1803 Ne
1636 1784 1686 1811 ego

896 1826 1008 1858 quidem
1023 1825 1107 1853 ullum
1119 1825 1189 1852 facio
1203 1825 1418 1852 additamentum
1433 1828 1532 1850 sancta:
1546 1822 1684 1849 Trinitati.

895 1871 965 1899 Dicit
989 1870 1142 1898 Saracenus
1155 1871 1187 1898 δε
1204 1870 1260 1898 Cur
1281 1871 1353 1906 ligna
1375 1870 1479 1904 sculpta
1505 1869 1639 1900 adoratis,
1658 1871 1687 1894 et

897 1924 991 1951 parem
1015 1915 1072 1943 Deo
1087 1916 1189 1943 cultum
1217 1915 1380 1951 imaginibus
1404 1914 1548 1941 tribuitis?
1570 1914 1614 1940 Ait
1635 1913 1688 1939 Eu-

896 1963 1014 1998 thymlus
1027 1972 1032 1989 :
1047 1962 1098 1995 Qui
1114 1962 1184 1998 regis
1197 1963 1340 1997 imaginem
1356 1961 1470 1988 honorat
1483 1968 1514 1987 ac
1529 1964 1685 1988 veneratur.

896 2009 948 2036 hoc
964 2009 1021 2043 agit
1054 2002 1091 2035 ne
1109 2013 1139 2036 ul
1165 2016 1255 2043 regem
1285 2008 1401 2035 honoret
1422 2015 1455 2033 an
1475 2011 1504 2033 nt
1522 2005 1688 2032 dedecoret?

898 2055 966 2082 Dicit
981 2056 1152 2082 Saracenus:
1167 2054 1202 2082 Ut
1218 2055 1342 2081 honoret.
1368 2053 1410 2080 Ait
1436 2053 1597 2087 Euthymius
1611 2059 1617 2076 ι
1633 2051 1687 2077 Nos

896 2108 1004 2136 quoque
1017 2105 1124 2128 sanctas
1140 2100 1387 2135 imaginesbonoris
1402 2106 1481 2126 causa
1508 2105 1685 2124 veneramur:

897 2154 986 2180 neque
1001 2150 1092 2173 tamen
1111 2146 1178 2173 deos
1194 2153 1226 2172 ex
1245 2145 1287 2172 his
1304 2144 1429 2175 iacimus,
1460 2148 1488 2170 ut
1514 2151 1561 2169 vos
1582 2143 1684 2168 dicitis.

901 2191 970 2219 Dicit
985 2191 1154 2220 Saracenus:
1170 2193 1225 2219 Cur
1242 2199 1338 2224 panem
1354 2192 1500 2224 vinumque
1518 2189 1641 2216 miscetis
1658 2194 1684 2215 ct

900 2239 1057 2267 hominibus
1071 2240 1236 2266 distribuitis
1255 2238 1379 2266 dicentes
1404 2245 1503 2272 corpus
1522 2244 1559 2269 ac
1578 2236 1686 2270 sangui-

899 2292 961 2312 nem
977 2285 1077 2312 Christi
1092 2285 1174 2312 esse?
1186 2283 1325 2317 Quomodo
1339 2284 1415 2318 panis
1428 2289 1536 2316 corpus,
1555 2286 1582 2308 et
1594 2281 1686 2307 vinum

901 2331 1011 2366 sanguis
1026 2330 1094 2357 eﬂici
1121 2330 1231 2365 potest?
1245 2330 1289 2356 Ait
1304 2329 1464 2365 Euthymius
1477 2333 1485 2357 :
1506 2328 1547 2355 Ab
1569 2327 1687 2354 homini-

900 2376 950 2403 bus
963 2377 1141 2404 manducatus
1156 2377 1243 2411 panis,
1259 2377 1322 2410 quid
1338 2375 1368 2402 ﬁt
1382 2375 1408 2402 in
1426 2374 1559 2402 homine?
1575 2381 1689 2408 corpus-

902 2429 950 2454 ne,
965 2431 999 2450 an
1013 2422 1085 2450 aliud
1100 2421 1224 2456 aliquid?
1240 2421 1308 2448 Dicit
1324 2420 1478 2447 Saracenus
1491 2429 1497 2446 :
1514 2419 1629 2452 Corpus.
1644 2419 1687 2444 Ait

904 2469 1064 2505 Euthymius
1077 2477 1084 2494 ε
1108 2469 1140 2495 Et
1157 2468 1292 2502 quomodo
1309 2467 1365 2493 ﬁeri
1383 2470 1474 2500 posset
1489 2471 1518 2492 ut
1532 2464 1612 2491 homo
1627 2472 1687 2490 car-

902 2522 965 2541 nem
980 2512 1092 2540 ederet?
1110 2511 1214 2539 Elenim
1231 2518 1291 2546 quae
1305 2510 1455 2538 secundum
1471 2514 1595 2536 naturam
1611 2511 1685 2538 sunt,

902 2569 935 2588 ea
948 2563 1045 2588 contra
1064 2563 1128 2586 natu
1135 2565 1191 2584 ram
1205 2557 1262 2584 ﬁeri
1275 2560 1426 2591 nequeunt.
1435 2555 1501 2582 Nam
1513 2554 1590 2588 panis
1605 2561 1685 2587 quem

905 2614 954 2634 nos
979 2613 1041 2633 cum
1069 2604 1222 2631 reverentia
1246 2603 1396 2634 sumimus,
1421 2609 1471 2636 per
1510 2599 1627 2626 infusam
1658 2599 1684 2625 ei

901 2653 1016 2688 gratiam
1033 2651 1062 2678 [it
1076 2651 1173 2678 anima-2
1200 2650 1390 2677 indumentum
1407 2654 1434 2676 et.
1449 2649 1495 2675 lux
1507 2667 1514 2674 .

897 2778 930 2805 ad
960 2777 1026 2805 Luc.
1045 2786 1112 2809 xm.
1140 2779 1184 2812 19ἱ
1212 2778 1284 2812 apud
1301 2786 1350 2805 nos
1372 2779 1400 2804 in
1425 2777 1477 2804 alio
1491 2776 1629 2812 volumine
1651 2783 1678 2810 p.

895 2813 957 2844 417,
973 2821 1072 2847 nempe
1087 2813 1159 2847 quod
1172 2811 1297 2840 Christus
1321 2813 1420 2840 idcirco
1436 2813 1486 2839 sub
1496 2812 1558 2843 alia,
1590 2811 1616 2839 id
1632 2815 1674 2838 est

894 2849 984 2884 panis,
1003 2848 1093 2884 specie
1106 2848 1303 2876 Eucharistiam
1317 2847 1394 2876 nobis
1411 2847 1554 2876 obtulerit.
