1868 3044
164 87 198 118 27
765 88 957 119 EUTHYMII
978 89 1159 119 ZlGADENl
1756 85 1792 116 28

163 145 216 180 γὰρ
231 146 323 182 ἄρτος,
337 145 366 172 ὃν
381 144 462 180 ἡμεῖς
487 143 734 179 μεταλαμϐάνομεν
762 145 829 178 μετᾶ
857 144 1008 179 ’ρᾶδου,ὃι5ι
1025 145 1074 179 τὴν
1093 143 1372 179 μεταλαμϐανομένην
1406 143 1480 179 αὐτῷ
1508 143 1588 180 χάριν
1612 142 1720 178 γίνεται
1747 144 1792 170 ἔν-

162 194 233 229 δυμα
254 194 300 220 καὶ
313 193 371 226 φῶς
384 192 511 227 ψυχικόν.

198 242 230 267 7.
245 240 311 266 Dicit
321 239 472 266 saracenus
486 248 492 266 :
514 239 569 267 Cur
579 239 726 267 demissum
738 239 772 267 de
781 240 850 268 coelo
862 240 953 267 Evan-

1039 238 1072 269 ζ’.
1094 238 1178 272 Λέγει
1206 239 1220 264 6
1249 238 1426 272 Σα;.ακηνός·
1444 237 1493 264 Διὰ
1507 238 1532 264 τί
1548 238 1578 264 τὸ
1602 238 1740 265 κατελθῖιν
1761 239 1794 266 ἐκ

168 285 266 320 gelium
281 284 476 318 abscondistis,
490 293 647 319 novumque
661 285 879 320 scripsistis?Ait
895 286 950 313 Eu-

169 329 306 363 thymius:
335 327 402 360 Quis
426 329 478 356 hoc
505 328 632 362 ailirmat,
647 334 673 356 et
693 329 829 356 nndenam
855 330 952 357 scitis?

163 374 236 402 Dicit
256 374 430 401 Saracenus:
458 374 630 402 Mohamedes
657 376 736 402 ducet
759 376 870 408 id,dum
894 376 950 402 ait:

162 420 272 448 Christo
287 421 315 447 in
330 421 429 448 emlum
450 421 567 453 sublato,
583 422 616 448 ad
631 421 715 456 ipsius
727 422 874 457 discipulos
888 422 952 449 dor-

165 467 282 494 mientes
297 466 446 493 demissum
464 466 517 494 fuit
534 466 719 501 Evangelium,
739 467 785 502 qui
804 473 951 503 surgentes

164 512 243 538 vobis
258 512 324 539 illud
338 512 509 539 tradiderunt
522 521 528 538 :
545 513 571 540 id
586 517 676 540 autem
699 521 746 541 vos
761 513 952 546 abscondistis,

167 557 232 589 quia
247 556 282 582 ibi
300 557 431 591 scriptum
449 561 508 583 erat
521 555 693 583 Mohamedis
710 564 822 584 nomen.
839 557 884 583 Ait
898 557 953 583 Eu-

165 601 285 636 thymius
299 611 305 628 :
322 602 377 629 Nos
391 602 586 629 dormientium
607 602 767 637 Scripturas
782 610 835 630 non
852 602 954 637 recipi—

164 655 241 674 mus:
256 655 336 674 nemo
349 648 450 682 quippe
464 649 591 675 cordatus
603 653 631 675 et
642 656 698 676 suae
715 648 814 676 mentis
829 656 952 682 compos,

165 693 306 720 oculorum
331 702 443 720 suorum
469 701 581 720 sensum
607 694 786 727 notitiamque
812 695 953 728 omittens,

167 740 336 767 somniorum
352 741 540 775 phantasmata
562 741 699 769 admittit.
714 739 772 767 Non
797 742 870 768 enim
896 742 957 768 dor-

168 786 312 812 mientium
351 786 491 814 hominum
519 786 638 822 exquirit
665 787 737 814 Deus
765 787 891 814 virtutem
910 791 957 814 aut

164 831 307 866 judicium.
322 832 384 866 quia
399 840 451 859 non
467 838 508 859 est
522 834 717 860 dormientium
735 833 817 866 Deus,
830 833 876 860 sed
890 833 956 867 vigi-

168 878 298 904 lantium.
327 877 396 904 Dicit
420 877 591 906 Saracenus:
620 878 761 913 Quomodo
790 887 839 906 vos
865 879 955 906 dicitis

171 922 311 949 Christum
329 923 355 948 in
373 923 458 950 cmlos
473 928 659 958 assumptum,
682 923 815 958 Spiritum
831 929 954 950 sanctum
973 916 991 942 Β

173 968 206 994 ad
220 967 366 1000 discipulos
381 968 508 995 misisse?
523 968 577 996 Cur
592 977 711 1004 praesens
724 977 777 996 non
797 969 849 996 illis
863 969 957 996 dedit?

174 1013 257 1040 Vobis
271 1018 361 1041 autem
371 1014 525 1042 dicentibus
541 1023 623 1042 unum
631 1023 691 1042 esse
704 1015 809 1042 Patrem
820 1020 847 1042 et
861 1015 956 1042 Filium

173 1063 201 1086 et
218 1059 348 1093 Spiritum
363 1068 370 1092 ;
391 1064 511 1087 attamen
537 1061 659 1088 ascendit
674 1061 799 1089 Christus
826 1069 955 1095 superne,

169 1105 312 1132 descendit
337 1105 467 1140 Spiritus,
486 1110 512 1133 et
527 1106 639 1133 alteram
658 1107 807 1134 doctrinam
829 1107 960 1142 przedica-

168 1150 207 1177 vit
220 1169 227 1176 .
239 1149 300 1177 Jam
315 1151 336 1177 si
354 1158 396 1177 res
413 1152 449 1177 ita
465 1159 494 1178 se
512 1151 603 1181 habet.
620 1152 718 1179 divisio
735 1153 858 1186 quaedam
894 1160 958 1180 san-

168 1199 218 1221 ct:e
240 1193 364 1222 Trinitati
385 1195 495 1222 accidit.
517 1197 561 1223 Ait
580 1197 743 1233 Euthymius
770 1207 776 1224 :
796 1197 959 1225 Hominibus

169 1240 284 1267 intlrmis
297 1248 352 1267 non
368 1241 436 1268 solet
448 1243 569 1269 medicus
584 1243 728 1277 pbarmaca
743 1244 874 1271 salutaria
907 1244 959 1270 mi-

169 1292 260 1318 seere,
276 1285 415 1314 nisiantea
435 1288 508 1322 ipsos
531 1290 700 1323 purgaverit.
727 1290 793 1317 Post
817 1290 959 1325 purgatio-

169 1339 231 1357 nem
245 1336 347 1363 autem,
371 1337 428 1359 tum
440 1333 549 1360 demum
560 1334 704 1368 pharmaca
717 1336 832 1370 potanda
845 1336 958 1370 praebet.

171 1376 217 1404 Sic
237 1381 264 1404 tu
284 1385 391 1405 mecum
418 1379 451 1406 de
470 1379 578 1406 Christo
603 1380 691 1415 cogita
706 1402 713 1414 ,
739 1388 774 1408 ne
797 1381 958 1416 quibusdam

171 1423 194 1449 is
211 1422 351 1449 videretur
379 1423 505 1450 facultate
521 1432 569 1451 sua
598 1427 785 1454 tantummodo
808 1427 850 1454 vel
879 1427 959 1454 etiam

170 1468 312 1503 phantasia
328 1469 438 1502 docere,
455 1470 497 1497 vel
517 1475 643 1505 tanquam
661 1472 742 1500 homo
759 1477 852 1500 etnon
868 1474 959 1507 Deus;

170 1514 260 1540 divina
277 1522 324 1541 eos
344 1515 446 1542 virtute
463 1521 543 1543 antea
564 1518 691 1552 purgavit
706 1519 893 1546 materialibus
903 1527 961 1554 pec-

171 1566 293 1586 catorum
321 1561 518 1595 passiouibus.
539 1563 642 1590 Deinde
656 1567 716 1598 post
741 1564 956 1598 assuinplioncm

171 1605 198 1631 in
214 1606 307 1638 caelos,
335 1611 457 1634 sanctum
483 1608 616 1642 Spiritum
641 1610 732 1641 misit,
756 1614 786 1637 ut
812 1609 958 1645 perfectam

175 1651 344 1678 divinitatem
375 1654 553 1685 ostenderet.
571 1659 598 1682 et
622 1655 693 1689 quod
721 1657 779 1690 Ipse
806 1655 962 1684 coelestibus

173 1705 282 1732 quoque
297 1698 363 1725 locis
380 1698 545 1726 interesset.

211 1841 239 1867 8.
258 1841 326 1868 Dicit
352 1841 506 1870 Saracenos
522 1852 529 1870 :
544 1843 612 1871 Cum
633 1844 758 1872 Christus
780 1845 962 1873 circumcisus

175 1885 268 1916 fuerit,
286 1894 335 1913 cur
352 1895 400 1914 vos
416 1896 470 1914 non
488 1888 714 1916 circumcidimini
735 1895 762 1917 et
781 1898 850 1924 aqua
874 1891 962 1917 ablui—

174 1932 265 1958 mini?
285 1932 354 1959 sicut
372 1934 409 1961 ait
428 1934 509 1961 Isaias
530 1943 536 1961 :
552 1934 703 1967 Luvamini,
733 1937 825 1963 mundi
845 1942 926 1964 estote
941 1938 962 1965 '.

174 1976 231 2004 Vos
248 1983 338 2005 autem
364 1979 391 2005 in
407 1980 536 2007 ecclesias
554 1986 658 2009 vestras
681 1982 750 2009 illoti
776 1982 963 2018 ingredimini.

175 2024 220 2051 Ait
248 2024 411 2060 Euthymius
433 2034 440 2052 :
476 2027 660 2056 Circumeisio
690 2028 791 2056 Iudaeis
818 2029 879 2056 data
903 2030 963 2062 iuit,

176 2070 238 2104 quia
255 2071 282 2097 in
301 2071 390 2098 medio
416 2073 535 2107 gentium
561 2075 738 2102 versabantur
763 2075 912 2103 inﬁdelium
938 2081 966 2104 et

177 2117 423 2150 idololatriearum,
451 2124 577 2153 tanquam
604 2121 708 2147 notitiae
733 2121 778 2148 Dei
802 2122 920 2156 signum.
938 2128 966 2150 et

178 2164 265 2198 gregis
277 2164 369 2191 unius.
393 2164 470 2198 Quod
486 2174 548 2192 vero
564 2166 704 2193 anamini
720 2168 805 2196 Isaias
819 2169 895 2201 dixit,
911 2170 964 2198 hoc

182 2209 267 2235 semel
289 2210 463 2245 praescripsit,
479 2211 561 2238 divini
577 2212 747 2247 baptismatis
765 2214 878 2248 gratiam
894 2223 965 2250 prae-

1000 282 1048 309 τοῦ
1062 283 1177 318 οὐρανοῦ
1199 283 1365 317 Εὑαγγέλιον
1388 283 1537 318 ἐκρύψατε,
1553 283 1600 310 καὶ
1620 283 1679 310 νέον
1707 285 1794 319 ἐγρά-

1001 329 1093 363 ψατες
1114 330 1186 363 Ἔφη
1205 330 1218 355 6
1244 329 1396 364 Εὐθύμιος·
1414 329 1461 360 Τίς
1486 329 1500 354 6
1522 329 1670 364 μαρτυρῶν
1699 330 1793 363 τοῦτο,

1004 375 1052 402 καὶ
1068 375 1151 401 πόθεν
1167 376 1274 408 omne;
1291 376 1398 408 Λέγειό
1415 375 1590 410 Σαρακηνός·
1609 375 1734 410 Μωάμεδ
1755 376 1797 403 δι-

1002 421 1096 447 δάσκει
1110 421 1197 456 λέγων
1209 430 1216 437 ⁸
1242 422 1414 452 Ἀνελθόντος
1428 420 1475 447 τοῦ
1491 421 1611 456 Χριστοῦ
1630 422 1658 448 ὲν
1682 422 1723 458 τῷ
1744 423 1791 448 οὑ-

1004 467 1088 502 ρανῷ,
1115 469 1162 495 καὶ
1177 468 1231 495 τῶν
1254 468 1383 503 μαθητῶν
1401 467 1484 494 αὐτοῦ
1504 467 1668 501 ὑπνούντων,
1687 469 1795 502 κατῆλ-

1005 512 1050 539 θεν
1071 513 1115 539 ἐπ’
1134 513 1232 544 αὐτοὺς
1247 513 1278 539 τὸ
1289 513 1466 546 Εὐαγγέλιον,
1482 513 1530 539 καὶ
1545 513 1713 544 ἀναστάντες
1729 513 1800 547 ὑμῖν

1004 558 1168 593 παρέδωκαν
1184 558 1268 584 αὑτό·
1288 558 1368 591 ὑμεῖς
1389 557 1418 584 δὲ
1441 558 1581 592 ἐκρύψατε
1604 558 1669 584 αὐτὸ
1695 559 1741 584 διὰ
1765 559 1799 584 τὸ

1004 600 1074 628 εῖναι
1087 603 1283 638 γεγραμμένον
1295 603 1325 629 τὸ
1340 603 1425 638 ὄνομα
1449 603 1495 629 τοῦ
1517 603 1647 637 Μωάμεδ.
1677 604 1751 638 Ἕφη
1782 605 1800 630 ὁ

1004 647 1138 682 Εὗθύμιος
1149 656 1156 663 ·
1175 649 1268 683 Ἠμεῗς
1283 649 1464 683 κοιμωμένων
1475 648 1586 683 Γραφὰς
1598 650 1628 675 οὐ
1641 649 1798 684 δεχόμεθα·

1004 694 1091 724 οὐδεὶς
1102 693 1156 728 γὰρ
1165 694 1219 720 τῶν
1232 691 1260 720 εὖ
1277 693 1450 728 φρονούντων
1464 694 1512 720 καὶ
1527 694 1621 729 κύριος
1637 694 1684 721 τοῦ
1705 694 1796 721 αὑτοῦ

1005 738 1134 773 λογισμοῦ
1145 739 1286 773 ὑπάρχων,
1297 739 1359 771 τοὺς
1369 739 1516 774 αἰσθητοὺς
1523 740 1680 774 ὀφθαλμοὺς
1689 741 1735 766 καὶ
1745 740 1803 775 τὴν

1005 784 1107 818 γνῶσιν
1121 784 1313 819 παραόλέψας,
1327 785 1460 812 ἐνυπνίων
1476 785 1659 820 φαντάσματα
1672 785 1801 820 δέχεται·

1007 831 1038 856 οὗ
1055 830 1109 865 γὰρ
1126 830 1336 864 κεκοιμημένων
1351 830 1502 866 ἀνθρώπων
1513 831 1625 857 ἀπαιτεί
1633 831 1646 857 6
1655 831 1720 862 Θεὸς
1730 831 1803 867 ἀρε-

1006 877 1055 910 τὴν
1067 876 1083 910 ἢ
1095 876 1186 909 κρίσιν
1195 884 1202 891 ’
1219 876 1233 902 ὁ
1247 876 1300 911 γὰρ
1310 875 1377 906 θεὸς
1390 875 1440 902 οὐκ
1453 875 1528 901 ἔστιν
1543 875 1710 908 ὑπνοὺντων,
1723 875 1802 903 ἀλλὰ

1007 920 1230 956 γρηγορούντων.
1241 920 1321 954 Λέγει
1330 920 1343 946 6
1355 921 1525 956 Σαρακηνός·
1537 921 1598 952 Πῶς
1610 921 1689 956 ὑμεῖς
1699 921 1805 955 λέγετε

1007 967 1047 993 ὅτι
1073 966 1238 1001 ἀναληφθεὶς
1258 967 1272 993 6
1287 966 1404 1001 Χριστὸς
1429 967 1602 999 ἐξαπέστειλε
1624 967 1655 993 τὸ
1679 967 1803 1002 Πνεῦμα

1008 1014 1038 1041 τδ
1058 1014 1136 1047 ἅγιον
1152 1016 1208 1045 τοῖς
1233 1015 1330 1040 ἑαυτοῦ
1355 1015 1507 1050 μαθηταίςς
1541 1015 1602 1047 Πῶς
1627 1015 1723 1050 παρὼν
1743 1017 1805 1044 οὒκ

1009 1060 1091 1085 ἔδωκε
1108 1060 1231 1093 cod-mu;
1252 1060 1345 1095 ’Υμῶν
1369 1060 1397 1086 δὲ
1422 1061 1556 1094 λεγόντοιν
1568 1061 1609 1088 ὅτι
1633 1062 1662 1088 ἓν
1685 1062 1757 1089 εἰσιν
1787 1064 1806 1089 ὁ

1009 1105 1103 1140 Πατὴρ
1122 1106 1168 1131 καὶ
1181 1106 1194 1131 6
1210 1106 1272 1137 Υἱὸς
1293 1106 1340 1132 καὶ
1354 1106 1384 1132 τὺ
1405 1106 1482 1140 ἅγιον
1498 1106 1622 1140 Πνεῦμα,
1637 1107 1695 1134 ἀλλ’
1710 1107 1804 1142 ἀνῆλ-

1011 1149 1056 1175 θεν
1075 1151 1088 1175 ὁ
1106 1150 1223 1184 Χριστὸς
1239 1150 1305 1182 ἄνω,
1333 1150 1379 1176 καὶ
1407 1150 1525 1184 κατῆλθε
1550 1150 1579 1176 τὺ
1599 1150 1722 1185 Πνεῦμα,
1744 1151 1803 1178 καὶ

1012 1194 1094 1229 ἄλλην
1107 1195 1282 1221 διδασκαλίαν
1299 1194 1449 1230 ὲκήριρξεν⁴
1480 1195 1527 1222 καὶ
1553 1196 1578 1222 ει
1606 1195 1693 1227 οὕτως
1721 1195 1802 1230 ἔχει,
1835 1204 1842 1213 ι

1009 1243 1189 1277 διαμερισμὸς
1199 1240 1233 1278 ἦν
1247 1244 1275 1269 ἐν
1285 1245 1318 1279 τῇ
1330 1243 1395 1278 ἁγίᾳ.
1406 1243 1513 1278 Τριάδι.
1529 1244 1600 1278 Ἔφη
1613 1245 1626 1270 ὁ
1638 1243 1774 1278 Εὑθύμιος
1790 1251 1799 1258 ·

1009 1287 1070 1314 Τῶν
1086 1289 1114 1314 ὲν
1135 1288 1262 1323 ἀσθενείᾳ
1278 1289 1363 1315 ὄντων
1374 1288 1527 1322 ἀνθρώπων
1542 1290 1592 1315 οὐκ
1619 1289 1760 1323 ἐνδέχεται
1787 1290 1805 1315 ὁ

1012 1333 1103 1368 ἰατρὸς
1119 1334 1374 1368 ἀποκαθαρτίςοντα
1402 1336 1537 1370 φάρμακα
1561 1335 1688 1367 κεράσαι,
1715 1335 1741 1360 εί
1761 1335 1803 1370 μή

1011 1388 1068 1411 πως
1083 1381 1256 1415 προκαθάραι
1270 1381 1393 1412 τούτους·
1412 1381 1481 1415 μετὰ
1493 1381 1520 1407 δὲ
1534 1381 1582 1414 τὴν
1595 1380 1805 1416 προκάθαρσιν,

1010 1427 1072 1453 τότε
1090 1426 1187 1453 καὶτὰ
1210 1427 1345 1462 φάρμακα
1368 1427 1474 1454 ποτιεῖ·
1502 1426 1591 1458 οὕτως
1615 1427 1663 1453 καὶ
1678 1427 1724 1453 ἐπὶ
1752 1427 1807 1454 τοῦ

1012 1472 1131 1507 Χριστοῦ
1150 1473 1205 1499 νόει
1222 1480 1285 1507 μοι·
1303 1473 1347 1499 ἵνα
1363 1472 1401 1508 μή
1419 1481 1473 1498 τισι
1490 1472 1552 1507 δόξῃ
1568 1472 1611 1498 ὅτι
1633 1472 1705 1498 κατὰ
1731 1471 1805 1505 ἀρε-

1011 1517 1060 1553 τὴν
1075 1519 1122 1544 καὶ
1133 1519 1227 1553 μόνην,
1241 1517 1256 1552 ἢ
1270 1518 1318 1545 καὶ
1330 1518 1481 1552 φαντασίαν
1505 1517 1637 1548 διδάσκει,
1652 1516 1668 1551 ἣ
1692 1516 1730 1546 ὡς
1754 1516 1808 1542 ἇν-

1012 1563 1120 1599 θρωπος
1149 1565 1240 1598 μόνον,
1255 1564 1302 1591 καὶ
1314 1564 1363 1598 οὐχ
1384 1563 1421 1594 ὡς
1434 1563 1514 1594 626;-
1528 1562 1584 1588 ἀλλ’
1598 1562 1635 1593 ὼς
1650 1561 1715 1592 Θεδς
1731 1569 1809 1596 προ-

1012 1609 1148 1645 εκάθηρεν
1166 1609 1265 1641 αὐτοὺς
1282 1610 1314 1636 ὲκ
1330 1609 1384 1635 τῶν
1410 1608 1511 1635 ὑλικῶν
1527 1607 1620 1634 παθῶν
1632 1607 1686 1633 τῶν
1703 1607 1805 1642 ἁμαρ-

1012 1656 1076 1682 τιὼν
1098 1656 1187 1682 αὐτῶν
1210 1655 1305 1690 παρὼν
1329 1655 1426 1686 αὑτός·
1454 1654 1549 1681 ἔπειτα
1581 1653 1649 1689 μετὰ
1673 1653 1723 1688 τὴν
1759 1655 1807 1682 εἰς

1012 1703 1144 1736 οὐρανοὺς
1188 1702 1322 1736 ἀνάληψιν
1356 1700 1531 1733 ἐξαπέστειλε
1567 1700 1597 1725 τὸ
1627 1698 1740 1732 Πνεῦμα
1770 1699 1807 1724 τὸ

1013 1749 1101 1781 ἂγιυν,
1115 1749 1246 1776 δεικνύων
1259 1749 1308 1784 τὴν
1322 1747 1430 1774 τελείαν
1444 1746 1569 1781 θεότητα,
1587 1745 1634 1772 καὶ
1649 1746 1689 1771 ὅτι
1704 1746 1809 1780 παρὼν

1014 1791 1048 1829 ἦν
1070 1795 1118 1821 καὶ
1134 1796 1190 1826 τοῖς
1203 1795 1269 1824 ἄνω.

1048 1840 1083 1877 η’.
1098 1842 1180 1875 Λέγει
1199 1843 1213 1868 6
1231 1841 1408 1876 Σαρακηνός·
1437 1839 1491 1866 Τοῦ
1515 1838 1635 1874 Χριστοῦ
1662 1847 1810 1873 περιτμη-

1015 1890 1117 1921 θέντος,
1134 1888 1192 1920 πῶς
1206 1889 1236 1915 οὺ
1267 1886 1477 1923 περιτέμνεσθε,
1503 1887 1549 1912 καὶ
1572 1884 1682 1912 λούεσθε
1707 1886 1737 1910 ἐν
1763 1885 1809 1919 τῷ

1016 1935 1109 1967 ῦδατι;
1131 1933 1222 1964 καθώς
1245 1941 1328 1967 φησιν
1356 1931 1468 1962 Ἡσαΐας
1482 1939 1489 1947 ·
1510 1931 1681 1960 Λούσασθε,
1710 1931 1810 1956 καθα·
1842 1960 1846 1963 ,

1010 1980 1058 2014 poi
1076 1980 1212 2013 γίνεσθε·
1243 1978 1289 2004 καὶ
1309 1977 1388 2012 ὑμεῖς
1404 1978 1432 2003 ὲν
1457 1978 1516 2008 ταῖς
1540 1976 1702 2010 ἐκκλησίαις
1725 1975 1810 2009 ὑμῶν

1015 2026 1129 2054 ἄπλυτοι
1152 2024 1318 2059 εἰσέρχεσθε.
1351 2023 1432 2058 Λέγει
1454 2023 1468 2049 ὁ
1495 2021 1645 2056 Εὑθύμιος·
1662 2021 1699 2046 Τὸ
1722 2028 1809 2056 περι-

1015 2071 1162 2106 τέμνεσθαι
1181 2069 1259 2105 ὶδόθη
1291 2070 1348 2101 τοῖς
1381 2068 1523 2099 Ἰουδαίοις
1553 2067 1598 2093 διὰ
1617 2066 1647 2093 τὸ
1673 2067 1810 2101 παρεῖναι

1017 2117 1100 2152 μέσον
1115 2115 1170 2143 τῶν
1182 2115 1269 2143 ἐθνῶν
1280 2115 1403 2142 ἀπίστων
1428 2114 1476 2140 καὶ
1497 2111 1710 2146 εῑδωλολατρῶν,
1742 2113 1809 2138 θεο-

1015 2164 1134 2198 γνωσιας
1149 2162 1263 2197 σημεῖον
1276 2162 1323 2188 καὶ
1343 2162 1407 2196 μιᾶς
1426 2160 1556 2194 ποίμνης.
1578 2159 1614 2185 Ἰδ
1626 2158 1654 2184 δὲ
1670 2159 1811 2186 Actiacos

1021 2210 1133 2238 Ἡσαΐου
1150 2210 1312 2243 φάσκοντος,
1333 2207 1407 2239 ἅπαξ
1434 2205 1634 2240 ἐνομοθέτησε,
1657 2204 1807 2239 προλέγων

180 2254 292 2281 dicens.
309 2255 368 2282 Non
385 2257 457 2283 enim
474 2257 557 2289 dixit,
580 2257 717 2286 Lavamini
743 2260 879 2294 quotidie.
894 2248 963 2294 sed,

1038 2257 1067 2292 ὴν
1087 2256 1168 2291 χάριν
1196 2254 1243 2281 τοῦ
1271 2253 1344 2280 θείου
1371 2252 1573 2288 βαπτίσματος·
1597 2251 1628 2276 οὐ
1653 2251 1706 2285 γὰρ
1741 2248 1808 2277 εἷπε

179 2299 321 2328 Lauann‘ni
333 2303 427 2330 semel.
440 2303 508 2330 Nam
526 2305 683 2337 quotidiana
695 2305 759 2333 lotio
772 2307 801 2333 ﬁt
815 2307 849 2333 ob
862 2308 966 2341 sordes,

181 2354 272 2381 neque
289 2352 344 2374 tam
370 2349 544 2376 rationalium
565 2350 705 2378 hominum
723 2360 803 2386 quam
821 2360 966 2387 porcorum

180 2391 290 2425 propria
305 2397 346 2419 est
357 2404 367 2419 .-
387 2392 492 2428 Quippe
514 2395 586 2422 Deus
608 2395 643 2423 ab
664 2395 823 2425 hominibus
841 2405 894 2424 non
911 2398 969 2425 exi-

181 2436 219 2470 git
245 2437 343 2465 cloaca
367 2440 567 2473 purgationem,
581 2441 628 2468 sed
657 2443 789 2470 mundum
815 2451 872 2470 eor.
900 2443 968 2470 Dicit

181 2482 334 2510 Saracenus
347 2492 354 2510 :
369 2484 424 2511 Cur
436 2493 483 2513 vos
506 2491 613 2521 peccata
628 2494 718 2515 vestra
743 2493 850 2515 terreno
863 2488 966 2515 homini

181 2529 358 2563 conﬁdentes,
392 2532 496 2559 veniam
518 2534 684 2568 pclitis?Ail
709 2535 885 2569 Euthymius:
902 2533 971 2561 Deus

183 2575 279 2604 volens
293 2578 415 2604 omnium
431 2578 558 2612 salutem,
575 2580 648 2608 haud
673 2581 736 2608 sivit
750 2581 890 2608 hominem
910 2585 972 2608 tur-

219 2646 229 2662 ⁸
246 2646 296 2673 lsa.
312 2654 331 2678 ι,
349 2646 394 2673 16.

219 2705 256 2739 (ι)
272 2703 339 2732 Nolo
353 2705 398 2733 hic
411 2706 526 2744 reticere
538 2705 722 2744 testimonium
736 2713 784 2744 pro
793 2705 965 2744 confessione

183 2746 360 2776 peccatorum
390 2741 525 2768 sacerdoti
551 2741 685 2773 facienda,
713 2739 787 2775 quod
810 2739 966 2776 suppeditat

185 2775 264 2811 nobis
278 2775 452 2811 Origennsrin
474 2776 575 2803 inedita
594 2776 694 2811 catena
717 2783 771 2811 ms.
781 2776 814 2802 ad
828 2775 966 2811 ‘Salmnm

186 2811 227 2839 nis
242 2809 396 2839 Proverbia.
410 2810 455 2839 Sic
468 2812 539 2839 enim
558 2811 592 2839 ibi
602 2810 732 2846 Origenes
749 2810 794 2838 :'0
807 2809 840 2836 τὰ
866 2810 974 2835 Evanu-

1018 2302 1137 2330 Λούεσθε
1163 2300 1223 2327 καθ’
1245 2299 1374 2334 ἑκάστην.
1401 2298 1468 2324 ἀλλὰ
1497 2296 1631 2324 Actiacos
1660 2296 1749 2328 ἅπαξ·
1778 2297 1812 2322 τὸ

1019 2348 1074 2383 γὰρ
1097 2345 1226 2373 λούεσθαι
1248 2344 1310 2371 καθ’
1333 2343 1451 2376 ἑκάστην
1475 2341 1522 2368 καὶ
1548 2340 1687 2375 βορϐόρων
1719 2341 1811 2373 ἐστὶν,

1019 2393 1069 2420 οὐκ
1085 2392 1119 2428 ἦν
1134 2390 1250 2425 λογικῶν
1279 2389 1430 2423 ἀνθρώπων
1455 2387 1522 2414 ἀλλὰ
1549 2387 1661 2422 χοίρων
1690 2385 1720 2412 οὒ
1750 2387 1811 2421 γὰρ

1020 2439 1133 2466 ἁπαιςεί
1145 2439 1159 2465 6
1172 2437 1237 2467 Θεδς
1254 2434 1406 2469 ἀνθρώπων
1422 2433 1556 2469 κάθαρσιν
1567 2432 1723 2467 ἁφεδρῶνος
1737 2432 1812 2458 ἀλλὰ

1022 2484 1135 2517 καρδίαν
1161 2480 1293 2516 καθαράν.
1318 2480 1399 2512 Λέγει
1415 2479 1429 2505 6
1446 2478 1619 2513 Σαρακηνός-
1649 2478 1703 2504 Καὶ
1729 2477 1812 2512 ὑμεῖς

1022 2531 1067 2557 διὰ
1081 2530 1120 2563 τί,
1133 2528 1181 2559 τὰς
1196 2526 1333 2561 ἁμαρτίας
1348 2525 1426 2559 ὑμῶν
1444 2525 1483 2556 εἰς
1501 2523 1593 2558 χοῑκδν
1608 2523 1751 2558 ἄνθρωπον
1766 2524 1814 2557 ἐξ·

1024 2574 1236 2612 ομολογούμενοι
1266 2572 1318 2607 (4),
1332 2570 1451 2598 αἰτεῖσθε
1480 2569 1673 2604 συμπάθειανς
1698 2569 1773 2604 Ἔφη
1797 2570 1812 2596 ὁ

1039 2704 1051 2729 ὁ
1077 2712 1125 2729 ενα
1142 2703 1171 2730 ὲν
1187 2704 1220 2737 τῇ
1243 2711 1279 2730 κα
1299 2701 1342 2737 δίᾳ
1358 2701 1440 2728 αὑτοῦ
1465 2700 1517 2727 ὑπὸ
1529 2700 1576 2726 τοῦ
1591 2698 1710 2733 πονηροῦ
1735 2699 1812 2725 κακὰ

1021 2712 1104 2746 ριμι-
1167 2738 1200 2746 I\\
1282 2711 1297 2746 Ρ
1317 2738 1322 2744 ι
1354 2737 1375 2746 IP
1421 2737 1426 2746 Ι
1471 2735 1502 2746 7,‘
1531 2735 1586 2746 ουκ.
1620 2735 1631 2746 I
1650 2734 1809 2746 ΙΔῐῗιὶιλΙΔΙΡΙ

1074 2734 1245 2774 sanatio
1259 2734 1336 2774 αὐτὰς
1354 2737 1450 2774 ιςορίῳ
1468 2735 1507 2774 τῷ
1530 2735 1599 2774 Θεῷ.
1620 2734 1810 2774 ἢιθΕρΦΙΛΕΙ

1026 2769 1204 2808 ἎΝΘΡΩΠῼ,
1214 2773 1264 2799 οὐκ
1276 2769 1473 2808 εὐοδωθήσεται
1486 2772 1518 2808 εν
1531 2771 1564 2805 τῇ
1573 2769 1648 2808 »κατὰ
1659 2769 1705 2808 τοις)
1722 2777 1810 2808 πονη-

1029 2807 1076 2844 ροῦ
1093 2803 1245 2844 νίκῃ-Ὠιιὶ
1264 2811 1322 2834 sala
1340 2807 1367 2833 in
1379 2803 1454 2833 corda
1467 2805 1522 2841 ejus
1551 2803 1582 2832 ᾱῡ
1606 2803 1722 2838 improbo
1751 2805 1796 2830 diu
