1868 3044
181 125 217 156 35

792 125 984 156 EUTHYMII
1002 125 1191 158 ZIGABENI'

1769 126 1802 158 36

182 182 267 212 ditus.
282 181 328 216 qui
345 188 396 208 nec
412 181 469 215 ipse
485 186 578 209 rectus
589 185 649 209 erat
659 182 819 210 orthodoxa:
831 183 892 211 ﬁdei
905 183 959 210 cul-

1059 185 1094 217 ίςυ
1110 185 1233 218 πίστεως,
1248 185 1304 212 ἀλλ’
1319 185 1350 213 ὲκ
1363 186 1411 221 τῆς
1424 186 1532 222 διδαχῆς
1546 183 1580 222 ἦν
1595 185 1642 213 τοῦ
1652 186 1802 221 Νεστορίον

182 233 234 258 tor,
245 227 291 255 sed
299 235 379 261 prava
389 227 508 255 Ncstorii
522 228 647 255 doctrina
658 228 786 264 falsisque
795 229 966 265 dogmatibus

182 273 332 306 laborabat,
351 281 432 308 quem
446 273 528 300 etiam
540 274 715 302 Mohamedes
743 283 852 303 meraco
875 275 966 302 ebrius

182 319 269 354 gladio
284 326 333 345 suo
349 318 459 350 occidit;
472 326 553 352 quam
568 319 603 346 ob
621 327 677 346 rem
693 319 748 346 viui
766 324 861 355 potum
878 319 968 347 inter-

184 363 262 390 dixit.
279 363 343 389 l’ost
354 367 507 397 susceptam
527 367 617 390 autent
635 368 748 396 rectam,
765 367 795 391 ut
813 363 838 390 ei
859 364 965 392 videba-

182 413 234 439 tur.
248 408 416 442 religionem,
435 412 489 435 tota
507 409 560 435 vita
574 409 634 443 ejus
647 409 717 436 nihil
734 409 808 437 aliud
825 409 966 445 fuitquam

182 454 299 485 luxuria,
323 453 431 480 obsceni
441 457 528 486 actus,
545 454 686 487 adulteria,
703 454 886 482 masculorum
902 463 968 482 con-

181 499 301 531 cubitus,
320 499 418 532 caedes,
440 499 595 533 latrocinia,
612 500 729 535 injurize.
742 501 775 527 Et
789 501 812 528 si
826 501 890 535 quid
910 500 968 528 dia-

182 545 260 572 bolus
279 546 342 572 mali
362 545 437 578 fecit,
457 546 484 572 in
498 546 549 572 hac
574 547 667 573 tnundi
680 546 809 579 vanitate,
830 546 857 574 id
873 546 968 573 Moha-

183 592 275 619 mcdes
286 599 394 626 quoque
410 592 541 626 patravit;
557 591 611 618 imo
622 595 649 618 et
665 595 804 626 parentem
820 599 900 619 suum
917 592 968 619 Sa-

183 643 271 664 tanam
280 638 428 672 superavit:
438 638 509 672 quod
519 637 540 664 si
553 645 601 664 vos
609 638 781 672 negaveritis,
792 638 969 667 nihilominus

182 683 306 710 doctrina
327 684 386 718 ejus
405 683 430 710 id
447 687 573 715 testatur,
588 689 615 711 et
629 684 699 711 facta
713 684 769 719 ipsa
785 685 967 713 conclamant.

182 730 217 755 At
243 737 322 756 verus
334 733 428 755 noster
438 728 658 756 Christianorum
672 730 744 757 Deus
754 731 779 757 in
794 731 907 766 impuris
919 731 970 758 hu-

180 775 303 808 jusmodi
318 775 498 809 turpibusque
516 774 672 802 hominibus
683 783 737 803 non
750 776 907 811 requiescit,
921 777 969 804 sed

181 820 261 855 longe
276 821 310 847 ab
327 821 368 848 his
383 820 471 847 abest.

219 878 262 903 14.
279 877 348 904 Audi
360 878 450 912 itaque
462 877 583 912 politiam
597 878 667 913 ejus,
676 878 791 913 vitaeque
801 878 966 909 mercedem.

184 927 210 948 et
221 922 352 949 doctrina:
365 923 478 950 exitum.
495 924 540 950 Ait
552 932 693 951 numerum
711 923 904 958 prophetarum
917 923 966 951 Dei

183 968 224 995 sui
240 969 323 995 fuisse
334 972 444 995 centum
457 972 483 995 et
495 969 589 1004 viginti
606 974 722 1004 quatuor
737 969 916 996 millia.Nnnc
927 969 970 996 di-

181 1013 234 1040 cite
249 1014 316 1040 mihi
332 1023 340 1040 :
356 1014 443 1041 fuitne
464 1013 518 1042 Deo
533 1015 664 1042 adversus
675 1015 791 1049 aliquem
816 1015 928 1047 bellum,
943 1020 973 1043 ut

182 1063 222 1086 tot
234 1059 413 1086 auxiliaribus
426 1060 531 1094 egeret?
541 1060 582 1087 An
592 1059 749 1087 defecerant
760 1059 893 1087 adversus
904 1068 967 1088 eum

182 1105 281 1139 angeli,
298 1105 413 1139 ideoque
427 1109 534 1132 tantum
548 1106 624 1140 quasi
644 1105 742 1132 vallum
757 1105 861 1132 ferebat
876 1111 905 1132 ut
915 1107 974 1138 obi-

183 1157 242 1177 eem
266 1151 336 1177 bello
362 1151 533 1185 opponeret?
556 1152 637 1186 Atqui
655 1156 748 1178 noster
761 1159 824 1179 vere
848 1151 972 1180 Christus

186 1197 266 1228 Deus,
282 1204 336 1223 ttno
353 1199 522 1224 termmotus
545 1197 599 1224 ictu
617 1201 785 1230 consternat,
803 1198 972 1225 concutitur-

183 1250 236 1276 que
252 1242 349 1269 coelum
366 1249 397 1269 ac
413 1247 483 1269 terra
499 1248 524 1269 et
540 1251 601 1277 quae
611 1243 637 1269 in
654 1248 723 1270 terra
738 1247 812 1271 sunt.
828 1242 971 1279 Reliquum

183 1293 225 1314 est
240 1293 268 1314 ut
285 1287 349 1314 mihi
366 1288 569 1320 demonstretis,
583 1297 632 1316 cur
643 1296 711 1323 opus
724 1289 806 1316 fuerit
819 1295 928 1316 centum
940 1297 972 1317 ac

183 1333 277 1368 viginti
289 1338 405 1367 quatuor
415 1334 536 1361 millibus
548 1334 752 1369 prophetarum?
758 1334 892 1362 Caeterum
903 1335 973 1363 reci-

186 1383 239 1406 tate
252 1379 330 1406 nobis
345 1379 453 1406 nomina
469 1379 586 1411 illorum,
601 1385 627 1407 et
645 1381 717 1407 unde
732 1379 844 1413 fuerint,
865 1385 894 1408 et
909 1381 969 1408 illo-

188 1432 249 1451 rum
262 1425 371 1459 patrias,
385 1429 467 1459 atque
480 1426 622 1452 stationes.
636 1425 701 1453 Nam
711 1431 853 1461 postquam
864 1427 973 1462 religio-

185 1477 216 1497 se
237 1470 279 1497 vel
295 1471 385 1505 potius
402 1470 553 1506 irreligiose
567 1471 704 1503 vixerunt,
730 1475 835 1499 vestros
864 1480 971 1507 quoque

1017 232 1197 267 ἐσφαλμένων
1213 232 1357 267 δογμάτων
1371 240 1377 247 ·
1396 232 1487 259 ὅντινα
1504 233 1550 259 καὶ
1570 232 1718 268 μεθυσθεὶς
1734 230 1803 259 οἶνον

1017 277 1136 312 ἄκρατον
1150 277 1294 304 ἀπέκτεινε
1306 279 1338 313 τῇ
1354 278 1435 305 αὑτοῦ
1450 277 1574 313 μαχαίρᾳ.
1590 285 1597 293 ·
1612 278 1658 304 καὶ
1671 278 1715 304 διὰ
1727 277 1804 304 τοῦτο

1018 324 1064 350 καὶ
1078 323 1127 358 τὴν
1141 323 1294 350 οἰνοποσίαν
1310 323 1456 350 ἐκώλυσεν.
1473 323 1551 350 Μετὰ
1561 323 1590 349 δὲ
1605 323 1654 359 τὴν
1669 323 1803 350 δοκοῦσαν

1018 368 1099 395 αὑτοῦ
1123 368 1287 402 θεοσέϐειαν,
1310 368 1325 403 ἢ
1350 369 1450 403 μᾶλλον
1471 368 1609 400 ἀσέϐειαν,
1628 369 1690 401 ὅλος
1711 370 1726 395 6
1750 369 1805 404 βίος

1018 414 1100 441 αὑτοῦ
1114 413 1148 451 ἦν
1163 415 1289 448 ἀσωτίαι,
1308 415 1422 450 πράξεις
1435 415 1559 450 αἰσχραὶ,
1577 416 1705 450 μοιχεῖαι,
1721 415 1805 451 (ipes-

1018 461 1160 493 νοκοιτίαι,
1178 461 1266 495 φόνοι,
1285 461 1420 496 ἁρπαγαὶ,
1439 460 1542 488 ἀδικίαι
1554 468 1562 476 ·
1578 462 1624 488 καὶ
1640 462 1668 488 ετ
1678 470 1703 487 τι
1719 461 1806 488 κακὸν

1019 506 1147 541 ἐποίησεν
1165 506 1179 532 6
1189 505 1310 538 διάϐολος
1324 507 1354 532 ὲν
1368 506 1407 542 τῷ
1423 505 1516 541 κόσμῳ
1530 506 1618 541 τούτῳ
1632 507 1671 542 τῷ
1685 507 1805 542 ματαίῳ,

1018 553 1032 578 6
1044 550 1165 585 Μωάμεδ
1178 548 1256 583 οὗτος
1270 551 1408 586 ἐποίησεν,
1422 552 1469 578 καὶ
1485 551 1525 578 hi.
1541 551 1622 578 πλέον
1637 551 1684 578 τοῦ
1701 552 1806 587 πατρὸς

1019 599 1101 625 αὑτοῦ
1120 599 1166 626 τοῦ
1187 599 1303 626 Σατανᾶ.
1322 599 1376 626 Καὶ
1394 599 1441 626 ἐὰν
1459 599 1538 634 ὑμεῖς
1554 600 1715 635 ἁρνήσεσθε,
1733 600 1750 634 ὴ
1766 600 1808 626 δι-

1020 644 1152 671 δασκαλία
1169 644 1250 671 αὑτοῦ
1267 646 1400 679 μαρτυρεῖ
1415 644 1462 671 καὶ
1477 644 1528 679 βοᾷ
1543 645 1577 671 τὰ
1594 645 1758 679 πράγματα.
1776 644 1808 672 Ὀ

1019 690 1048 716 δὲ
1061 691 1164 726 ἀληῡὴς
1177 691 1241 723 Θεδς
1254 691 1334 726 ἡμῶν
1347 691 1402 717 τῶν
1418 691 1589 726 Χριστιανῶν
1602 692 1632 718 ἐν
1649 692 1705 722 τοῖς
1719 691 1810 718 τοιού-

1019 745 1077 766 τοις
1095 736 1249 772 ἀνθρώποις
1271 737 1393 772 αἰσχροῖς
1411 737 1458 764 καὶ
1480 736 1645 772 ἀκαθάρτοις
1668 737 1718 763 οὐκ
1741 737 1811 763 ἀνα.-

1021 783 1146 816 παύεται,
1163 783 1231 810 ἀλλὰ
1244 783 1292 810 καὶ
1305 784 1413 819 μακρὰν
1427 783 1525 819 ἀπέχει
1541 784 1589 811 ἀπ’
1601 784 1700 812 αὐτῶν.

1059 875 1100 902 ιδ’.
1118 875 1250 902 ’Ἄκουσον
1267 874 1331 910 γοῦν
1347 875 1398 910 τὴν
1417 875 1555 903 πολιτείαν
1570 877 1618 903 καλ⁵
1635 876 1741 903 ἔπαθλα
1757 877 1813 911 τῆς

1023 922 1095 956 ζωῆς
1114 914 1207 954 αὐτοῦ,
1227 922 1275 948 καὶ
1296 921 1331 948 τὰ
1354 921 1526 957 πληρώματα
1546 923 1595 957 τῆς
1616 923 1812 955 διδασκαλίας,

1023 966 1148 1000 λέγοντος
1167 967 1208 993 ὅτι
1227 966 1342 1001 ἀριθμὸς
1359 967 1477 1002 ὑπάρχει
1494 967 1559 1002 (τῶν
1575 968 1736 1003 προφητῶν)
1760 969 1813 995 τοῦ

1022 1011 1089 1038 Θεοῦ
1104 1011 1187 1038 αὐτοῦ
1201 1011 1321 1046 χιλιάδες
1342 1011 1440 1038 ἑκατὸν
1454 1012 1674 1047 εἰκοσιτέσσαρες
1693 1011 1745 1047 (ϐ).
1763 1011 1813 1038 ιι-

1023 1065 1094 1084 πατε
1110 1057 1177 1091 ἡμῖν
1187 1065 1194 1072 ·
1212 1054 1285 1092 εἶχεν
1299 1056 1313 1082 6
1329 1056 1396 1087 Θεὸς
1410 1056 1483 1083 κατά
1498 1065 1571 1087 τινος
1589 1055 1742 1092 [πόλεμον],
1762 1057 1814 1084 καὶ

1023 1103 1111 1130 ἐδέετο
1127 1103 1284 1137 συμμαχίας
1299 1102 1427 1136 τοιαύτης
1441 1111 1448 1135 ;
1469 1103 1504 1128 Ἢ
1519 1103 1677 1138 ἀπέστησαν
1691 1103 1769 1138 αὐτῷ
1786 1104 1812 1129 οι

1023 1148 1134 1183 ἄγγελοι
1152 1148 1248 1180 αὑτοῦ,
1267 1150 1314 1174 καὶ
1329 1149 1358 1175 ὲν
1373 1147 1464 1183 τούτῳ
1483 1148 1565 1182 ἔφερε
1586 1148 1711 1175 τοσοῦτον
1734 1148 1811 1183 πλῆ-

1023 1194 1068 1225 θος
1090 1193 1232 1228 φωσσάτου
1253 1193 1290 1229 (7)
1317 1193 1385 1229 πρὸς
1407 1193 1436 1220 τὸ
1458 1196 1569 1229 ποιῆσαι
1591 1193 1814 1228 ἀντιπαράταξιν

1023 1239 1161 1274 πολέμους
1187 1239 1243 1266 Καὶ
1257 1240 1312 1275 γὰρ
1339 1241 1355 1266 6
1377 1240 1513 1275 ἡμέτερος
1538 1240 1664 1275 ἀληθινὸς
1689 1240 1813 1275 Χριστος

1022 1287 1036 1313 ὁ
1051 1286 1117 1317 Θεὸς
1132 1285 1210 1321 ἡμῶν
1222 1286 1267 1312 διά
1284 1286 1386 1321 μικρᾶς
1403 1286 1521 1321 στιγμῆς
1537 1285 1650 1321 σεισμοῦ
1666 1285 1814 1312 συστέλλε-

1021 1340 1077 1365 ται,
1099 1333 1145 1359 καὶ
1164 1333 1340 1368 συντρομάσῃ
1354 1332 1368 1358 6
1384 1331 1497 1367 οὐρανὸς
1513 1332 1560 1358 καὶ
1577 1332 1594 1366 ὴ
1610 1333 1645 1367 γῆ
1663 1333 1711 1358 καὶ
1728 1332 1764 1358 τὰ
1781 1332 1813 1358 ὲν

1021 1380 1056 1414 τῇ
1083 1380 1129 1414 γῇ.
1157 1379 1258 1406 Λοιπὸν
1286 1378 1392 1411 δείξατε
1421 1380 1486 1414 ἡμῖν
1514 1378 1556 1410 τίς
1587 1379 1603 1414 ὴ
1629 1378 1708 1414 χρεία
1737 1378 1813 1414 αὕτη

1021 1424 1076 1452 τῶν
1086 1424 1171 1452 εἰκοσι
1184 1425 1322 1460 τεσσάρων
1335 1426 1381 1452 καὶ
1392 1425 1490 1451 ἑκατὸν
1501 1424 1629 1460 χιλιάδων
1639 1424 1791 1459 προφητῶν
1804 1432 1813 1440 ·

1023 1471 1093 1507 πλὴν
1110 1471 1208 1507 φέρετε
1224 1471 1292 1507 πρὸς
1308 1472 1382 1506 ἡμᾶς
1396 1471 1431 1497 τά
1445 1470 1564 1505 ὀνόματα
1581 1470 1682 1503 αὐτῶν,
1696 1471 1744 1496 καὶ
1760 1470 1814 1497 πό-

183 1516 435 1550 pseudoprophetas
450 1516 635 1544 erudiverunt:
645 1525 760 1552 quorum
772 1518 959 1553 prophetarun

1059 1526 1067 1543 φ
1083 1517 1154 1549 εἰσὶ,
1170 1516 1217 1542 καὶ
1242 1517 1274 1542 ὲκ
1294 1516 1372 1547 ποίας
1385 1516 1488 1551 χώρας,
1505 1517 1551 1543 καὶ
1567 1517 1598 1543 ὲκ
1616 1517 1693 1543 ποίου
1711 1516 1812 1542 τόπου.

185 1562 294 1588 nomina
317 1561 489 1590 Mohamedes
512 1562 614 1598 scripta
634 1562 735 1598 reperit
748 1564 776 1590 in
792 1564 874 1591 herba
906 1572 973 1599 qua.

185 1608 256 1632 dam.
276 1605 388 1633 llerbam
399 1606 470 1633 illam
489 1608 597 1640 eoemit,
610 1615 670 1642 quae
678 1609 702 1636 ei
719 1608 822 1643 profuit
840 1609 875 1637 ad
896 1617 972 1638 scor-

185 1650 316 1678 tationem
333 1657 491 1685 protervam
506 1657 533 1679 et
547 1652 687 1687 eﬂ‘renem,
703 1654 770 1681 adeo
785 1659 816 1682 ut
832 1663 971 1690 nunquam

184 1696 244 1731 ejus
260 1697 394 1732 cupiditas
411 1703 439 1724 et
449 1698 561 1725 lascivia
570 1699 672 1733 expleri
688 1701 819 1734 potuerit.
836 1700 893 1728 Cur
906 1709 972 1738 ergo

187 1743 323 1770 hominem
343 1744 490 1778 impurum,
506 1744 682 1778 homicidam,
697 1750 906 1780 praepotentem,
930 1755 973 1775 ra-

186 1797 290 1824 pacem,
308 1790 452 1824 latronem,
467 1792 589 1826 planum,
605 1792 695 1820 dicitis
711 1793 872 1827 prophetam
902 1794 974 1830 lcga-

186 1840 299 1871 tumque
319 1837 380 1864 Dei?
394 1841 421 1864 et
435 1837 507 1871 quod
524 1838 594 1865 Deus
617 1838 741 1873 augelum
759 1846 839 1865 suum
869 1839 974 1867 miserit

183 1883 219 1909 ad
237 1882 436 1910 Mohamedem?
449 1884 516 1915 Quis
528 1884 606 1911 adest
621 1884 710 1915 testis,
721 1884 794 1912 hunc
814 1892 829 1912 ι
843 1885 899 1912 Deo
909 1885 973 1913 mis-

184 1935 245 1954 sum
265 1935 326 1955 esse
340 1929 501 1963 prophetam
518 1936 550 1955 ac
575 1929 712 1964 legatum?
723 1929 829 1962 Quibus
842 1938 874 1957 ex
890 1931 972 1959 mira-

187 1972 256 2000 culis
272 1973 395 2000 ostendis
409 1981 473 2001 eum
491 1973 662 2008 prophetam?
681 1973 793 2002 Ubinam
808 1975 893 2011 ipsius
908 1985 973 2012 pro-

187 2019 299 2053 phetiae?
311 2018 402 2051 Qualis
415 2019 466 2046 fuit
494 2020 581 2054 angeli
610 2020 689 2054 visio,
717 2029 770 2055 qua
796 2021 841 2049 ille
861 2023 974 2051 edoctus

188 2065 239 2091 fuit
249 2065 376 2097 scortari,
389 2070 417 2092 et
425 2064 559 2092 cinaedum
583 2073 674 2101 agere,
695 2066 811 2101 aliisque
830 2067 973 2104 flagitiosis

186 2110 294 2138 actibus
313 2117 422 2145 operam
440 2110 514 2143 dare,
541 2118 609 2145 quos
619 2119 669 2146 ego
693 2111 808 2140 recitare
828 2114 974 2148 prohibeor

188 2164 223 2183 ne
233 2160 352 2183 mentem
367 2156 520 2183 auditorum
538 2156 691 2191 inquinem?
706 2157 777 2185 Vere
809 2167 896 2188 vanus
915 2169 975 2189 ves-

190 2208 230 2229 ter
247 2202 327 2234 Deus,
341 2203 454 2237 ejusque
471 2203 593 2238 angelus,
610 2204 656 2238 qui
671 2204 819 2233 vosdocuit
838 2214 919 2234 omne
931 2215 975 2243 ge-

189 2256 240 2275 nus
256 2249 371 2275 luxuriae
385 2253 503 2282 patrare.
866 2250 869 2254 λ

1025 1562 1080 1587 Καὶ
1092 1561 1146 1596 γὰρ
1159 1561 1229 1596 μετὰ
1242 1561 1271 1588 τὸ
1284 1561 1444 1596 θεοσεϐῆσαι
1459 1561 1474 1597 ἢ
1494 1562 1594 1596 μᾶλλον
1608 1561 1743 1596 ἀσεϐῆσαι
1757 1562 1815 1588 eaa-

1023 1607 1104 1639 δαξαν
1116 1608 1161 1633 καὶ
1173 1607 1235 1638 τοὺς
1249 1607 1473 1643 ψευδοπροφήτας
1487 1607 1564 1642 ὑμῶν
1572 1616 1579 1622 ·
1593 1603 1630 1634 ὧν
1641 1606 1676 1633 τὰ
1687 1606 1815 1642 ὀνόματα

1024 1653 1114 1680 αὐτῶν
1145 1652 1200 1679 τῶν
1231 1653 1380 1689 προφητῶν
1412 1651 1475 1688 εὗρε
1512 1654 1692 1688 γεγραμμένα
1717 1654 1749 1679 έν
1779 1654 1814 1688 τῇ

1025 1698 1136 1734 βοτάνῃ,
1160 1699 1282 1734 Boedqu
1301 1699 1454 1734 ἐξωνήσατο
1481 1699 1708 1734 συμϐαλλομένην
1734 1699 1814 1734 αὐτῷ

1024 1747 1063 1777 εἰς
1075 1745 1203 1780 πορνείαν
1218 1746 1333 1781 ἄσχετον
1342 1746 1389 1773 καὶ
1401 1746 1562 1779 ἀκόλαστον,
1577 1746 1614 1777 ὡς
1630 1746 1666 1780 μὴ
1680 1745 1813 1780 κορέννυ-

1024 1791 1086 1817 σθαι
1106 1792 1188 1819 αὑτὸν
1212 1792 1262 1826 τῆς
1283 1791 1431 1827 ἐπιθυμίας
1452 1793 1499 1819 καὶ
1519 1792 1569 1827 τῆς
1591 1792 1727 1827 λαγνείας.
1749 1792 1816 1822 Πῶς

1024 1840 1069 1867 οὖν
1084 1841 1227 1877 ἄνθρωπον
1237 1841 1401 1876 ἀκάθαρτον⁴
1415 1840 1509 1874 φονέα,
1524 1840 1667 1875 δυνάστην,
1681 1839 1815 1874 ἅρπαγα.

1023 1886 1136 1922 λῃστὴν,
1149 1887 1260 1919 πλάνον,
1275 1886 1369 1920 λέγετε
1381 1886 1462 1913 αὑτὸν
1478 1887 1621 1922 προφήτην
1636 1886 1683 1912 καὶ
1693 1885 1817 1912 ἀπόστιν

1024 1932 1069 1959 λον
1082 1932 1170 1967 Θεοῦς
1194 1934 1241 1959 καὶ
1258 1934 1301 1960 ὅτι
1320 1932 1480 1960 ἀπέστειλεν
1504 1934 1518 1959 6
1539 1932 1605 1964 Θεὸς
1625 1932 1670 1958 τὸν
1692 1931 1814 1966 ἀγγελον

1024 1978 1106 2005 αὑτοῦ
1119 1979 1186 2014 πρὸς
1197 1979 1244 2005 τὸν
1257 1978 1378 2014 Μωάμεδ
1389 1988 1397 2011 ς
1409 1979 1457 2010 Τις
1466 1980 1540 2006 ἐστιν
1552 1978 1567 2005 ὸ
1582 1977 1733 2014 μαρτυρῶν
1748 1978 1814 2012 περὶ

1024 2024 1132 2058 τούτου,
1145 2024 1187 2051 ὃτι
1202 2025 1234 2052 ὲκ
1247 2025 1314 2052 Θεοῦ
1327 2025 1456 2061 ἐπέμφθη
1472 2027 1615 2061 προςήτης
1628 2025 1676 2053 καὶ
1688 2025 1814 2052 ἀπόστο-

1023 2070 1086 2104 λος;
1106 2070 1153 2097 Ἐκ
1166 2071 1251 2098 ποίων
1265 2072 1386 2106 σημείων
1400 2072 1532 2103 δεικνύεις
1547 2072 1629 2099 αὑτὸν
1645 2072 1812 2107 προφήτην;

1025 2117 1083 2144 Καὶ
1097 2117 1149 2144 ποῦ
1164 2118 1235 2145 εἰσιν
1250 2119 1278 2144 αἱ
1288 2119 1372 2146 αὑτοῦ
1385 2121 1566 2154 προφητεῖαι;
1586 2118 1665 2146 mea
1674 2118 1721 2144 καὶ
1733 2119 1815 2146 ὁποία

1025 2160 1060 2198 ἦν
1072 2164 1088 2198 ἡ
1102 2163 1149 2190 τοῦ
1161 2163 1277 2198 ἀγγέλου
1291 2164 1351 2198 θέα,
1366 2164 1400 2192 δι’
1416 2162 1446 2192 οὗ
1463 2165 1588 2200 ἐδιδάχθη
1603 2163 1750 2200 πορνεύειν
1765 2164 1814 2190 καὶ

1027 2211 1276 2247 ἁρσενοκοιτεύειν,
1307 2213 1354 2238 καὶ
1383 2211 1466 2242 ἄλλας
1499 2211 1644 2246 ἀθεμίτους
1676 2209 1813 2245 πράξεις,

1023 2258 1054 2291 ἐξ
1076 2256 1114 2286 ὧν
1123 2259 1154 2286 οὑ
1173 2259 1291 2294 δύναμαι
1303 2259 1393 2292 λέγειν
1412 2258 1456 2285 διὰ
1471 2259 1502 2284 τὸ
1519 2257 1579 2284 νοῦν
1600 2256 1678 2291 ἡμῶν
1697 2256 1816 2291 μολύνε-

190 2306 267 2338 σθαι;
300 2305 420 2340 Ἀληθῶς
445 2305 561 2340 μάταιος
587 2305 603 2332 ὁ
629 2306 694 2339 Θεὸς
719 2306 796 2342 ὑμῶν
821 2308 869 2335 καὶ
889 2310 904 2336 6
922 2310 1005 2338 αὒτοῦ
1035 2307 1163 2344 ἄγγελος,
1195 2306 1225 2338 δς
1245 2305 1368 2338 διέταξεν
1391 2305 1463 2340 ὑμᾶς
1490 2304 1537 2331 τοῦ
1563 2304 1692 2339 πράττειν
1718 2303 1815 2330 πᾶσαν

186 2353 343 2380 ἀκολασίαν.

224 2400 266 2427 15.
282 2400 384 2427 Deinde
408 2400 474 2427 dicit
489 2400 565 2428 vobis
583 2404 637 2429 tres
653 2409 713 2429 esse
724 2401 752 2428 itt
772 2403 898 2438 paradiso
921 2404 975 2432 llu-

188 2446 257 2478 vios,
272 2453 387 2481 quorum
409 2445 512 2481 primus
534 2447 613 2474 melle
633 2447 701 2480 fluit,
721 2448 789 2476 alter
811 2449 890 2481 lacte,
911 2450 975 2477 vino

187 2492 294 2519 tertius.
316 2491 393 2526 Aqua
415 2499 549 2526 nusquam
575 2498 626 2521 est.
636 2492 695 2520 Jam
717 2501 856 2522 meracum
879 2495 972 2523 vinum

187 2540 319 2571 bibentes,
330 2540 484 2567 necessario
497 2540 602 2574 ebriati,
612 2546 640 2568 et
654 2542 755 2576 absque
769 2549 854 2570 sensu
875 2543 971 2578 jacen-

188 2590 228 2613 tcs
251 2594 312 2613 cum
336 2585 490 2621 gravedine,
512 2587 641 2616 paradiso
661 2595 716 2615 non
740 2588 878 2621 fruemini,
900 2595 971 2623 prte-

188 2635 310 2665 terquam
321 2631 420 2658 laboris
434 2631 526 2666 requie
538 2641 545 2659 :
555 2637 582 2659 et
591 2632 702 2660 honoris
711 2633 771 2660 loco
783 2634 970 2669 ignominiam,

187 2681 236 2709 pro
261 2682 344 2710 regno
361 2682 480 2710 patriam,
498 2683 676 2712 vermemque
711 2678 820 2714 vigilem
848 2679 971 2713 experie—

188 2720 266 2764 mini.
278 2719 390 2748 Narrate
406 2722 484 2750 nobis
494 2722 574 2749 etiam
590 2723 623 2750 de
634 2724 738 2751 camelo
766 2724 876 2758 femina,
891 2732 970 2758 quant

228 2791 265 2827 (6)
284 2792 328 2819 Sic
359 2793 538 2822 affirmantem
555 2795 813 2822 facitlllohamedem
826 2795 974 2822 lamellas.

190 2828 281 2855 cerius
297 2828 367 2862 apud
386 2828 546 2857 M'lraccium
561 2830 589 2856 in
603 2829 766 2857 refutatione
783 2838 852 2856 surae
864 2830 908 2856 2‘2.

232 2862 270 2895 Π)
299 2864 443 2890 ψωπσάτον
483 2864 653 2897 vocabulum,
682 2865 754 2899 quod
774 2864 860 2892 (Ἐπειιεί
894 2864 974 2891 etiam

1059 2407 1102 2431 ιε’.
1127 2400 1194 2429 Εῐτα
1211 2401 1293 2429 πάλιν
1316 2400 1391 2434 λέγει
1414 2400 1482 2435 πρὸς
1499 2400 1571 2434 ὑμᾶς
1591 2399 1633 2426 ὅτι
1651 2400 1680 2426 ἐν
1695 2399 1738 2435 τῷ
1757 2407 1814 2426 πι-

1024 2449 1139 2485 ραδείπῳ
1155 2447 1211 2474 είσὶ
1235 2448 1310 2482 τρεῖς
1332 2445 1466 2480 ποταμοί·
1488 2446 1502 2471 6
1518 2446 1568 2480 μὲν
1583 2444 1623 2476 είς
1636 2445 1692 2480 ῥέει
1709 2446 1784 2478 μέλι,
1799 2446 1813 2471 6

1021 2496 1049 2522 δὲ
1069 2495 1161 2530 ἕτερος
1176 2493 1291 2528 γάλα,·ὸ
1306 2492 1334 2519 δὲ
1354 2492 1447 2527 τρίτος
1467 2491 1565 2526 μεστὸς
1579 2491 1651 2517 οἴνου
1664 2499 1671 2506 ·
1689 2491 1763 2527 ὕδωρ
1783 2492 1812 2518 δὲ

1023 2541 1158 2575 οὐδαμῶς.
1190 2539 1271 2567 Ἀλλὰ
1294 2540 1340 2566 τὸν
1367 2537 1437 2565 οἶνον
1467 2538 1587 2571 ἄκρατον
1614 2538 1750 2570 πίνοντες,
1782 2537 1812 2569 ἐξ

1024 2587 1146 2621 ἀνάγκης
1164 2586 1196 2611 ὲκ
1216 2584 1266 2619 τῆς
1291 2584 1375 2618 μέθης
1388 2582 1436 2608 τοῦ
1451 2582 1571 2617 ἀκράτου
1587 2581 1659 2608 οίνου
1685 2582 1715 2607 ὲν
1731 2582 1810 2608 ἀναι-

1025 2631 1124 2667 σθησίᾳ
1156 2630 1308 2666 κειτύμενοι
1331 2628 1564 2664 καρηϐαροῦντες,
1588 2627 1665 2653 οὐδὲν
1688 2627 1811 2654 ἀπολαὺ-

1024 2685 1100 2704 ουσιν
1112 2677 1141 2703 ἐν
1156 2676 1194 2712 τῷ
1217 2675 1375 2711 παραδείσῳ
1400 2675 1456 2701 ἀλλ’
1477 2675 1492 2708 ἢ
1510 2674 1594 2700 κόπον
1609 2674 1739 2705 ἀνέσεως,
1761 2673 1810 2699 καὶ

1025 2723 1086 2750 ἀντὶ
1100 2722 1183 2759 τιμῆς
1197 2721 1320 2756 ἀτιμίαν,
1337 2723 1382 2748 καὶ
1399 2721 1459 2747 ἀντὶ
1471 2720 1609 2755 βασιλείας
1623 2721 1746 2753 κόλασιν,
1762 2721 1810 2747 καὶ

1025 2794 1111 2820 multo
1130 2793 1300 2828 antiquiores
1324 2791 1469 2827 Euthymio
1491 2800 1506 2819 a
1530 2791 1634 2819 Latinis
1661 2793 1718 2827 jam
1736 2793 1809 2820 asci-

1008 2854 1015 2858 .
1024 2834 1130 2856 verant.
