1868 3044
51 115 87 147 31
669 117 898 149 DISPUTATIO
917 118 966 149 DE
986 119 1087 152 FIDE.
1651 121 1688 152 38

53 172 194 207 σκώληκα
211 172 260 198 τὸν
277 171 439 207 ἀκοίμητον.
456 172 559 199 Εἴπατε
576 172 644 208 ἡμῖν
661 174 709 200 καὶ
724 174 789 209 περὶ
804 174 846 209 τῆς

935 175 996 203 citis
1024 176 1052 203 in
1081 175 1207 212 paradiso
1229 175 1323 205 herbis
1338 177 1432 213 pasci,
1460 185 1518 213 qua:
1548 177 1582 206 ab
1611 178 1688 208 initio

50 219 199 254 καμήλου,
215 218 250 254 ῆν
267 218 360 252 λέγετε
376 219 530 254 νεμομένην
547 219 575 245 έν
590 218 629 254 τῷ
644 219 811 255 παραδείσῳ,
830 219 848 255 ἢ

52 267 116 291 κατ’
132 265 223 300 ἀρχὰς
247 264 387 292 κτισθεῖσα
411 264 460 298 τὴν
483 264 634 291 ἀθανασίαν
652 265 749 292 ἐλαϐεν
768 267 796 293 ὲν
810 266 849 300 τῷ

55 312 240 347 παραδείσῳ,
265 310 432 344 ψευδομένου
455 310 501 336 τοῦ
520 310 598 345 ὑμῶν
620 313 777 346 προφήτου,
803 311 848 338 τοῦ

53 357 126 384 Θεοῦ
151 358 234 392 ἡμῶν
258 356 469 391 προπέμποντος
486 356 532 382 τὸν
558 355 643 391 ’Δδὰμ
669 357 708 388 εις
728 357 778 391 τὴν
797 357 849 392 γῆν

55 404 85 436 ἐξ
109 400 145 438 ἧς
177 403 314 436 ἐγεγόνει.
350 403 403 429 Καὶ
439 401 533 428 ἔκτοτε
559 401 594 428 τὰ
615 402 705 429 πάντα
736 402 848 430 θάνατον

55 449 226 476 ὲνεδὺσαντο
236 456 243 462 ·
258 449 327 483 μόνη
342 448 369 474 δὲ
383 448 399 482 ἡ
414 448 538 482 κάμηλος
549 447 626 482 ὑμῶν
641 447 735 474 ἔλασεν
749 448 850 475 ἀθανα-

57 495 132 522 σίαν.
150 495 181 521 Εἰ
203 493 251 521 οὖν
267 493 401 525 ἀθάνατός
416 494 490 519 ἐστιν
507 494 524 528 ἡ
548 493 671 529 κάμηλος
694 493 782 528 ὑμῶν,
801 503 849 521 κα-

56 540 111 570 θὼς
128 540 213 574 ὑμεῖς
239 547 327 573 φατε,
350 538 425 569 ἐντὸς
446 538 493 564 τοῦ
512 539 679 574 παραδείσου
691 558 699 570 ,
715 539 774 565 κατ’
789 539 849 571 ἔτος

57 585 233 619 αὐξανομένη
250 585 314 616 τοὺς
329 583 473 615 τοσούτους
494 584 617 619 χρόνους,
637 585 767 619 ἐγέμισεν
786 585 818 611 ἂν
835 586 849 612 ό

60 626 227 666 παράδεισος
243 632 282 663 ὲκ,
296 629 338 656 τοῦ
357 630 440 663 ὄγκου
455 629 550 664 αὐτῆς,
567 630 615 656 καὶ
630 630 715 662 οὐδεὶς
732 630 786 657 τῶν
800 631 847 657 ἀν-

60 676 178 711 θρώπων
192 676 341 710 δυνήσεται
356 674 487 701 εἰσελθεῖν
502 676 601 703 ἐκεῖσε.

96 719 143 751 ις’.
179 719 320 751 Ὡσαύτως
347 719 441 753 λέγετε
467 720 514 745 καὶ
541 719 606 752 περὶ
629 718 677 746 τοῦ
706 720 776 753 Μὲκ,
807 721 848 748 ὅτι

60 764 130 796 οἶκος
146 764 229 792 Θεοῦ.
253 765 397 798 Λιγὸντων
416 764 495 799 ἡμῶν
510 765 564 791 τῶν
586 765 759 801 Χριστιανῶν
779 767 847 802 πρὸς

63 813 146 846 ὑμᾶς,
168 812 258 838 Πόθεν
278 811 431 847 ἀπέρχεσθε
460 813 506 838 καὶ
536 813 714 847 προσκυνεῖτε
736 813 847 848 ἡμερῶν

903 226 994 249 creata
1026 222 1185 250 immortalis
1195 230 1257 250 esse
1284 223 1310 250 in
1323 224 1447 258 paradiso
1473 226 1581 258 nteruil,
1608 231 1688 260 prout

902 271 992 294 vester
1006 268 1138 302 propheta
1152 268 1294 295 mentitur:
1315 277 1377 295 nam
1406 275 1480 297 certe
1506 270 1576 298 Deus
1595 276 1690 299 noster

901 312 1033 339 Adamum
1042 313 1167 347 praemisit
1178 313 1204 340 in
1218 318 1327 346 terram,
1338 314 1371 341 de
1384 322 1437 349 qua
1444 320 1568 350 sumptus
1588 317 1686 344 fuerat.

902 357 940 384 Ex
959 366 1013 393 quo
1025 363 1147 393 tempore
1164 359 1255 387 omnia
1279 360 1359 387 morti
1381 360 1492 388 fuerunt
1506 362 1633 393 obnoxia.
1645 371 1690 390 so-

901 404 981 439 laque
994 409 1082 432 vestra
1093 406 1214 432 camelus
1226 405 1457 434 immortalitatem
1480 409 1574 434 sortita
1587 412 1639 435 est.
1659 408 1687 435 Si

901 457 965 485 ergo
977 450 1136 478 immortalis
1151 455 1193 478 est
1206 456 1295 479 vestra
1312 452 1441 485 camelus,
1468 458 1497 479 ut
1516 460 1564 480 vos
1589 454 1687 484 dicitis.

902 494 972 521 intra
991 495 1145 529 paradisum
1163 504 1170 528 ;
1185 503 1270 529 eaque
1285 495 1400 530 singulis
1425 496 1503 522 annis
1525 504 1573 530 per
1587 503 1626 524 tot
1639 505 1688 523 sa:-

901 540 961 566 cula
976 545 1099 576 augetur,
1119 545 1193 567 certe
1206 541 1345 575 paradisus
1357 541 1478 576 pondere
1494 541 1566 569 illius
1585 543 1686 570 labora-

902 586 953 618 bit,
971 586 1117 620 nullusque
1134 585 1285 621 jamﬂtomo
1297 587 1359 613 illuc
1371 586 1473 622 ingredi
1491 590 1600 622 poterit.

937 717 981 745 16.
998 717 1123 745 Narratis
1137 718 1239 752 pariter
1260 718 1292 745 de
1313 717 1414 750 Mecca.
1437 718 1507 753 quod
1535 719 1579 745 Dei
1592 721 1688 746 domus

901 764 946 791 sit.
971 763 1139 799 Rosantibus
1153 767 1228 790 certe
1244 771 1291 790 vos
1308 764 1478 796 Christianis,
1494 772 1612 799 quonam
1624 766 1690 791 ado-

900 818 961 838 rare
972 810 1090 846 pergatis
1112 814 1187 837 tanto
1209 809 1314 837 dierum
1336 810 1446 845 spatio?
1468 815 1494 837 et
1517 811 1625 837 ubinam
1654 811 1689 838 sit

60 857 170 883 τοσοῦτο
189 858 348 893 Sinistrum;
365 858 413 884 καὶ
431 857 471 892 πῆ
485 855 531 884 οὖν
543 857 557 882 ὁ
570 858 652 889 τόπος
665 859 785 892 ἐκεῖνος;
800 858 846 885 καὶ

934 864 943 883 ε
966 857 1041 884 locus
1055 856 1067 883 Ἰ
1079 856 1168 884 dicitis
1190 857 1279 889 nobis,
1297 856 1362 883 illud
1386 863 1446 883 esse
1466 857 1613 891 hospitium
1630 857 1688 889 Dei,

62 903 124 937 πρὸς
143 904 220 938 ἡμᾶς
239 912 308 938 φατε
329 904 371 930 ὅτι
384 904 504 930 οσπίτιον
516 901 550 939 ἦν
561 903 608 929 τοῦ
621 903 700 935 Θεοῦ,
717 903 846 939 κελάρην,

64 948 236 983 ἦμαγὶριον,
261 948 278 984 ἢ
304 949 453 984 ἁγχούρην,
475 948 492 984 ἢ
520 947 650 983 χαζήναν.
676 948 847 983 Σαφηνίσατε

65 995 126 1030 ἡμῖν
152 995 218 1030 περὶ
245 994 292 1021 τοῦ
318 995 441 1021 τοιούτου
467 994 607 1021 ὀσπιτιουο
638 993 685 1020 καὶ
722 994 782 1025 πῶς
816 994 847 1020 οὐ

66 1040 212 1072 γινώσκετε
232 1040 277 1066 τὸν
294 1039 380 1074 τάφον
396 1039 443 1066 τοῦ
464 1039 598 1074 ὑμετέρου
623 1039 775 1074 προφήτου,
800 1040 848 1065 καὶ

63 1087 158 1120 τιμᾶτε
188 1085 271 1112 αὐτοῦ
306 1086 420 1120 λείψανα
451 1085 489 1118 ὡς
525 1086 665 1121 προφήτου
704 1086 751 1112 τοῦ
777 1084 846 1112 Θεοῦ

64 1132 110 1158 καὶ
128 1132 289 1159 ἀποστόλου.
308 1131 365 1159 Καὶ
390 1132 415 1158 εἰ
439 1132 488 1167 μὲν
511 1132 681 1159 ἀναπαύεται
704 1133 718 1158 ό
733 1131 798 1163 Θεὺς
817 1132 847 1159 ἐν

64 1179 101 1212 τῷ
125 1178 238 1213 ὁσπιτῑῳ
257 1178 353 1214 ἐκεινῳ
372 1179 419 1205 καὶ
445 1178 527 1213 μόνῳ,
550 1178 580 1209 ἐξ
603 1177 727 1212 ἀνάγκης
744 1175 778 1214 ἦν
799 1177 847 1204 καὶ

67 1224 178 1259 φοϐερὸν
195 1226 343 1260 μυστήριον
371 1225 400 1251 ὲν
425 1223 464 1259 τῷ
484 1224 560 1257 τόπῳ
577 1223 690 1259 ἐκείνῳ·
717 1223 731 1250 ὃ
752 1232 778 1250 τι
795 1223 846 1250 κᾶν

68 1271 142 1305 ὑμεῖς
164 1271 258 1304 εἴπητε
282 1271 312 1296 τὸ
337 1270 522 1305 γεγενημένον
548 1269 612 1304 περὶ
631 1268 678 1295 τοῦ
696 1269 845 1304 μαγνήτου,

69 1316 128 1351 περὶ
139 1315 354 1350 πεπλανημένων
368 1315 527 1350 Θαυμάτων,
544 1314 562 1341 ἃ
582 1314 682 1346 πάντες
695 1314 846 1349 κηρύττου-

71 1369 119 1387 σιν.
139 1361 217 1387 ’Δλλὰ
232 1362 277 1387 καὶ
292 1361 374 1392 αὑτὸς
390 1362 404 1386 6
416 1360 500 1391 κύων,
516 1360 530 1386 ὁ
545 1361 576 1386 ὲκ
590 1360 639 1394 τῆς
654 1360 752 1394 λίμνης
771 1358 846 1395 ἐξερ-

71 1408 172 1441 χόμενος
187 1407 235 1433 καὶ
253 1407 321 1441 πρὸς
337 1406 410 1441 ὑμᾶς
425 1405 589 1440 ἐπιφοιτῶν,
601 1405 630 1431 ὃν
646 1405 724 1440 ὑμεῖς
737 1405 845 1431 καλεῖτε

72 1453 142 1487 χάριν
161 1452 236 1479 9εοῦ-
263 1453 346 1487 βαΰαὶ
364 1452 413 1488 τῆς
435 1452 564 1487 τοιαύτης
584 1451 783 1486 ἀπανθρωπίας
799 1452 845 1478 καὶ

73 1499 216 1532 meum!
241 1498 361 1524 Τοιαῦτά
395 1499 448 1525 εἱσι
475 1497 521 1524 τοῦ
551 1499 692 1533 προφήτου
716 1496 793 1532 ὑμῶν
811 1497 846 1524 τὰ.

73 1545 218 1579 ληρὴμιτα,
233 1545 251 1571 ἃ
264 1545 306 1576 τίς
326 1543 380 1570 τῶν
397 1543 427 1570 εὖ
441 1543 613 1579 φρονούντων
634 1543 778 1577 δυνήσεται
805 1545 844 1569 εἰ-

75 1591 140 1625 πείνξς
155 1591 198 1616 τὸν
215 1590 406 1625 μεμισημένον
421 1589 489 1616 κύνα
504 1589 584 1624 χάριν
597 1588 675 1615 Θεοῦ.
691 1588 746 1615 Καὶ
764 1588 846 1615 πάλιν

74 1637 165 1668 him;
180 1636 303 1671 Μωάμεδ
316 1636 437 1662 διδάσκει
453 1636 539 1669 λέγων
550 1635 591 1661 ὅτι
605 1634 680 1666 ἐντὸς
695 1634 742 1660 τοῦ
759 1642 847 1669 παραι-

75 1682 150 1708 δείσου
174 1681 343 1708 κατενώπιον
369 1681 436 1707 Θεοῦ
462 1681 600 1711 ἀσυνέτως
623 1681 671 1707 καὶ
691 1679 847 1714 ἁκορέστως

76 1727 175 1762 mmini;
192 1727 265 1762 μῖξις
277 1727 383 1760 γίνεται
400 1727 454 1762 (8)”
475 1725 603 1761 ὲπιλήψει
620 1726 676 1761 γάρ
691 1734 725 1761 με
739 1725 848 1761 διηγού-

77 1781 143 1807 μενον
158 1774 172 1799 ὸ
191 1773 304 1808 χρόνος,
322 1772 365 1799 ἶνα
381 1772 418 1808 μὴ
434 1772 482 1799 καὶ
499 1772 580 1798 αὑτὸν
596 1772 642 1799 τὸν
655 1772 724 1807 ἀέρα
742 1771 848 1806 μολύνω

75 1819 239 1854 ἐῇγούμενος
255 1819 317 1850 τοὺς
333 1817 560 1852 πεπλανημένους
572 1816 672 1852 λήρους
684 1817 731 1844 καὶ
765 1826 849 1852 μεμι-

77 1865 195 1898 σημένους
203 1865 298 1898 λόγους
313 1864 360 1890 τοῦ
379 1863 514 1898 Μωάμεδ.
533 1863 614 1897 Λέγει
634 1864 648 1890 ὁ
672 1863 846 1898 Σαρακηνὸς·

77 1910 222 1945 δενίιημαι,
239 1911 395 1944 νενίκημαι.
409 1907 445 1934 Ὦ
461 1909 518 1940 πῶς
535 1909 642 1944 μεγάλη
653 1909 670 1943 ή
684 1909 776 1940 πίστις
792 1908 846 1935 τῶν

77 1956 230 1990 Χριστιανῶν
240 1958 247 1984 l
258 1957 346 1991 Χάριν
358 1955 405 1984 οὖν
417 1955 471 1990 ἔχω
486 1963 527 1982 σοι
543 1955 607 1990 περὶ
621 1955 669 1990 τῆς
680 1955 846 1989 θεογνωσιας

898 902 1030 934 etdicitis,
1045 902 1071 928 in
1085 902 1130 929 Dei
1150 901 1298 936 hospitium
1310 903 1370 935 ejus
1381 902 1494 934 celarin,
1507 908 1535 930 et
1546 903 1688 938 magirion.

897 953 926 976 et
951 948 1077 982 achurin,
1090 954 1117 976 et
1140 949 1288 977 chazcnan.
1317 948 1468 983 Explanate
1502 949 1591 980 nobis,
1615 957 1690 983 qua:-

897 1002 1001 1027 sumus,
1026 995 1089 1029 quid
1101 996 1136 1023 sit
1157 994 1209 1022 hoc
1224 995 1370 1029 hospitium
1395 998 1444 1021 :et
1466 995 1602 1029 quomodo
1627 1002 1690 1029 pro-

898 1040 986 1075 phetae
1001 1041 1082 1068 vestri
1103 1040 1257 1075 sepulcrum
1280 1040 1418 1075 ignoretis,
1430 1045 1458 1068 et
1476 1042 1536 1077 ejus
1561 1042 1690 1076 reliquias

898 1086 1035 1114 honoretis
1049 1090 1078 1113 ut
1093 1087 1137 1113 Dei
1151 1087 1289 1121 prophetae
1299 1092 1380 1121 atque
1395 1086 1485 1122 legati.
1495 1087 1528 1114 Et
1543 1088 1602 1122 siqu
1611 1088 1682 1114 idem

895 1131 1001 1158 habitat
1024 1131 1096 1158 Deus
1119 1132 1146 1158 in
1172 1131 1218 1158 illo
1241 1131 1369 1166 hospitio,
1387 1132 1541 1158 necessario
1564 1137 1683 1159 tremen-

898 1177 962 1205 dum
976 1177 1134 1211 mysterium
1148 1182 1190 1204 est
1202 1177 1229 1203 in
1242 1176 1301 1204 loco
1310 1176 1355 1203 illo
1367 1185 1375 1203 :
1389 1177 1519 1211 quidquid
1531 1184 1580 1204 vos
1593 1178 1689 1205 dicatis

897 1224 930 1251 de
944 1224 976 1250 iis
988 1232 1047 1258 quae
1067 1224 1120 1251 illic
1141 1223 1207 1250 ﬁunt
1220 1231 1268 1258 per
1286 1228 1440 1257 magnetem
1464 1223 1603 1258 prodigiis,
1625 1231 1686 1258 quae

900 1277 996 1297 omnes
1005 1269 1159 1296 buccinant.
1178 1268 1231 1296 Sed
1247 1273 1274 1296 et
1291 1269 1348 1304 ipse
1356 1269 1436 1296 canis
1446 1269 1479 1296 de
1493 1274 1589 1304 stagno
1601 1277 1690 1296 emer-

897 1323 963 1349 gens
984 1319 1010 1341 et
1026 1315 1060 1342 ad
1077 1322 1124 1341 vos
1149 1314 1300 1349 profectus,
1325 1322 1407 1349 quem
1432 1321 1481 1342 vos
1499 1313 1548 1341 Dei
1571 1315 1686 1349 gratiam

897 1360 1046 1395 appellatis.
1060 1359 1138 1395 Papae
1150 1364 1250 1387 tantam
1259 1360 1485 1387 inhumanitatem
1497 1364 1524 1387 et
1537 1361 1685 1387 inscitiam!

896 1402 943 1430 Ha:
971 1408 1035 1430 sunt
1051 1404 1189 1438 propheta:
1206 1405 1289 1431 vestri
1305 1412 1393 1440 nugae,
1409 1412 1477 1440 quas
1501 1413 1614 1432 narrare
1627 1406 1687 1439 quis

899 1450 1028 1477 cordatus
1043 1451 1145 1485 queat?
1175 1451 1384 1478 abominabilem
1400 1459 1498 1486 nempe
1517 1459 1611 1479 canem
1625 1459 1686 1479 esse

897 1495 1007 1531 gratiam
1019 1495 1065 1524 Dei
1082 1499 1088 1523 ι
1106 1496 1172 1524 Item
1187 1497 1362 1525 Mohamedes
1374 1505 1423 1525 vos
1433 1498 1522 1529 docet,
1542 1498 1613 1524 intra
1637 1505 1686 1533 pa-

896 1542 1016 1569 radisum
1040 1546 1103 1570 ante
1115 1549 1291 1578 conspectttm
1317 1544 1362 1571 Dei
1379 1543 1475 1571 stolide
1489 1547 1515 1570 et
1541 1543 1686 1570 insatiabi-

895 1587 956 1614 liter
976 1587 1155 1615 l'ornicariam
1185 1590 1309 1623 copulam
1341 1588 1517 1623 frequentari.
1553 1587 1687 1615 Destituet

896 1641 940 1661 me
954 1638 1060 1669 tempus
1075 1634 1136 1662 talia
1164 1639 1330 1664 narrantem.
1351 1634 1496 1669 ipsumque
1524 1641 1614 1661 aerem
1642 1634 1688 1661 itt-

896 1679 1078 1714 quinavcrim,
1091 1679 1114 1706 si
1126 1679 1219 1714 plenas
1234 1678 1350 1705 falsitate
1361 1686 1456 1713 nugas,
1469 1684 1496 1705 et
1509 1677 1689 1705 detestabiles

899 1725 1066 1753 Mohamedis
1073 1733 1212 1752 sermones
1224 1725 1325 1752 referre
1332 1725 1423 1751 velim.
1440 1725 1508 1751 Dicit
1521 1724 1673 1751 Saraccnus
1679 1730 1689 1750 :

901 1771 995 1799 Victus
1012 1780 1083 1803 sum.
1101 1779 1199 1798 manus
1215 1771 1259 1798 do.
1276 1770 1362 1803 Quam
1387 1777 1484 1804 magna
1500 1773 1543 1796 est
1557 1768 1686 1795 Christia-

901 1826 998 1845 norum
1017 1818 1082 1845 [ides
1094 1818 1100 1844 l
1113 1818 1170 1853 Ago
1190 1817 1271 1853 igitur
1293 1816 1340 1844 tibi
1354 1816 1454 1851 gratias
1469 1816 1501 1842 de
1521 1815 1571 1841 hac
1587 1814 1686 1841 tradita

900 1864 968 1890 mihi
984 1863 1030 1890 Dei
1046 1863 1154 1895 notitia,
1167 1870 1183 1889 ο
1198 1862 1279 1889 homo
1291 1862 1349 1888 Dei.
1362 1861 1428 1888 Nam
1444 1868 1503 1894 quae
1522 1867 1569 1886 vos
1584 1859 1687 1890 dicitis,

901 1917 916 1937 o
932 1909 1088 1942 Christiani,
1102 1915 1163 1935 vera
1179 1911 1253 1935 sunt.
1271 1906 1342 1934 Deus
1355 1907 1413 1941 ipse
1435 1905 1522 1933 testis.
1540 1903 1682 1931 Adesdum

899 1963 916 1984 ο
931 1955 978 1983 Dei
995 1954 1106 1992 t'amule,
1125 1953 1287 1988 baptismum
1305 1952 1370 1979 mihi
1387 1951 1551 1986 impertitor.

77 2004 176 2040 ταύτης,
192 2003 214 2032 ὦ
241 2005 289 2032 τοῦ
316 2005 384 2032 Θεοῦ
407 2005 547 2040 ἄνθρωπει
563 2004 599 2031 τὰ
620 2005 674 2040 γὰρ
696 2004 762 2040 παρ’
788 2005 866 2040 ὑμῶν
892 2005 1028 2041 λεγόμενα
1055 2004 1110 2032 τῶν
1135 2002 1304 2039 Χριστιανῶν
1330 2001 1418 2037 ἀληθῆ
1445 2001 1532 2026 εἰσιν·
1554 1998 1654 2034 Κύριοῖ
1671 1996 1687 2022 δ

78 2051 130 2083 Θεὸς
143 2054 275 2087 μαρτυρει
285 2059 294 2068 ·
304 2053 352 2079 καὶ
361 2052 451 2088 δεῦρο,
468 2052 545 2078 δοῦλε
558 2050 637 2085 Θεοῦ,
657 2051 789 2086 βάπτισον
803 2061 848 2088 με.

107 2153 160 2180 Diri
177 2153 296 2188 superius
312 2161 354 2180 me
368 2152 530 2188 Panopliam
544 2153 688 2187 quamdam
706 2152 832 2179 adversus
848 2150 1012 2179 Mohamedis
1036 2154 1136 2177 sectam
1156 2151 1203 2175 hoc
1224 2147 1355 2175 uolumine
1369 2147 1535 2178 instruxisse,
1564 2146 1686 2182 Attamen

56 2218 57 2221 η
82 2200 178 2234 reliquus
202 2205 240 2227 est
267 2200 296 2226 in
313 2199 366 2226 alio
381 2199 469 2226 codice
487 2198 615 2226 Vaticano
642 2198 769 2234 Dialogus
794 2197 938 2226 Christiani
954 2197 1066 2224 hominis
1092 2203 1151 2222 cum
1168 2194 1318 2226 lamaelita,
1337 2193 1411 2227 cujus
1428 2198 1515 2219 tamen
1533 2199 1578 2224 ego
1593 2191 1686 2226 scripti

81 2248 164 2274 nonnisi
186 2249 259 2274 breve
278 2247 409 2281 specimen
430 2247 572 2282 proferam,
587 2254 619 2273 ne
633 2245 711 2281 plura
727 2246 816 2280 capita
830 2245 971 2276 cumulem,
985 2252 1044 2280 qua:
1063 2243 1168 2271 easdem
1189 2243 1242 2278 fere
1261 2241 1418 2276 objectioues
1433 2240 1612 2275 responsione;
1621 2247 1682 2274 que,

83 2295 169 2320 mutuis
181 2293 277 2327 verbis,
293 2293 435 2320 continent.

95 2386 246 2413 ΔΙΑΛΕΞΙΣ
261 2385 492 2413 ΧΡΙΣΤΙΑΝΟΥ
509 2384 574 2412 ΚΑΙ
595 2384 833 2411 ῙΣΜΑΙΙΛΙΤΟΥ
849 2382 891 2410 Δι’
909 2380 1236 2410 ΕΡΩΤΔΠΟΚΡΙΣΕΩΝ
1261 2379 1353 2406 ΠΕΡΙ
1387 2380 1453 2407 ΤΗΣ*
1471 2379 1670 2407 ΑΜΩΜΗΤΟΥ

623 2431 783 2458 ΠΙΣΤωΣ
803 2430 872 2457 NN
887 2429 1028 2456 ΧΡΙΣΤΙΑ
1035 2428 1119 2455 ΝΩΝ.

85 2498 236 2529 ωΑιοσυε
255 2496 464 2528 CHRISTIANI
489 2498 562 2527 CUM
586 2497 782 2526 ISMAELITA
808 2495 881 2524 PER
900 2493 1236 2523 INTERROGATIOA'ES
1262 2493 1308 2521 ET
1334 2492 1616 2520 RESI’ONSIONES
1636 2492 1685 2520 DE

478 2542 830 2572 IRREPREHENSIBILI
848 2540 1135 2570 CHRISTIAA‘ORUM
1156 2539 1259 2567 FIDE.

111 2648 136 2675 '0
148 2648 259 2676 ΧΡΙΣΤ.
284 2647 442 2683 ὀμολογείς
461 2645 507 2673 τὸν
530 2645 649 2682 Χριστὸν
663 2643 735 2672 εἶναι
757 2645 843 2679 Λόγον

82 2696 116 2723 καὶ
127 2696 232 2731 Πνεῦμα
245 2694 325 2728 Θεοῦ,
337 2695 376 2727 ὼς
391 2695 491 2730 λέγεις,
506 2693 631 2725 arto-adv;

108 2808 138 2842 (8)
151 2808 207 2835 hoc
222 2814 368 2843 perperam
387 2805 520 2843 imputari
542 2812 644 2843 corano
658 2804 692 2832 ab
715 2803 850 2843 imperitis

932 2643 1070 2671 CllRlST.
1082 2641 1186 2670 Fateris
1204 2642 1322 2671 Verbum
1335 2642 1521 2677 Spiritumque
1541 2640 1588 2668 Dei
1603 2641 1684 2669 Chri-

897 2695 969 2718 stum
986 2696 1056 2722 esse,
1071 2696 1150 2724 quem
1171 2692 1261 2716 tamen
1276 2693 1396 2716 creatum
1411 2687 1478 2715 dicis
1492 2687 1504 2714 Ἰ

904 2802 1126 2830 adnotationibus
1150 2801 1182 2828 ad
1198 2801 1319 2829 Nicetam
1350 2802 1540 2838 Byzantinmn,
1574 2811 1600 2838 p.
1623 2802 1688 2836 519,

84 2839 168 2878 legendi
189 2839 319 2871 Ar'abiéos
334 2839 543 2875 libros-Gracis,
553 2841 609 2876 jam
629 2839 800 2868 ostendimus
816 2839 842 2866 in
898 2839 961 2865 adn.
978 2839 1005 2865 '2.
