1868 3044
57 124 88 155 ﬁl
617 131 730 161 PETRI
747 129 894 162 POSSINI
910 129 1123 161 Damnum.
1645 129 1680 159 ea

58 185 186 215 dustria)
203 185 234 215 in
250 185 491 216 elucubratione
511 186 616 225 operis
631 187 780 225 ingentis,
805 187 838 218 in
867 196 930 227 quo
947 187 1096 218 decorum
1114 187 1242 217 istorum
1261 187 1400 217 omnium
1424 186 1556 225 insignia
1578 187 1681 225 Speci-

58 233 144 262 mina
163 236 320 263 exstarent
336 245 344 263 :
361 234 505 264 Historiae
518 234 667 265 videlicet
685 243 787 264 rerum
817 235 911 273 longo
939 236 1034 275 patris
1054 235 1102 266 sui
1127 235 1302 275 principatu
1328 236 1531 266 maximarum
1551 243 1585 264 ac
1603 235 1681 264 mire

59 281 210 310 variarum
227 284 306 310 terra
325 281 469 320 marique
482 285 545 312 tota
563 281 630 312 fere
647 282 718 312 Asia
734 283 924 322 Europaque
940 287 1098 322 gestarum
1117 292 1123 314 :
1140 293 1218 323 quas
1236 284 1467 314 accuratissima
1483 283 1680 313 eolleclionis

58 328 229 366 diligentia.
248 337 308 359 nec
327 329 431 359 minus
446 329 521 360 scita
537 329 751 369 descriptione
766 330 897 361 ordinis.
915 334 1008 368 atque
1024 329 1245 368 explicationis
1260 333 1372 360 ornatu
1390 329 1566 368 complexa.
1587 328 1678 359 simul

59 377 208 415 prmclare
224 386 240 407 a
261 386 296 408 se
309 378 488 408 consultum
508 378 635 408 rebatur
648 378 822 408 rationibus
842 377 976 417 publicis
990 381 1082 408 tanta:
1098 377 1238 408 utilitatis
1273 377 1352 408 libro
1380 377 1560 415 vulgando;
1586 377 1678 407 simul

60 425 198 463 privatas
213 434 287 465 spes
302 426 395 457 famae
412 435 447 457 ac
469 427 630 457 memoria:
646 427 807 466 perennis,
825 434 903 465 quas
927 425 987 456 isto
1004 426 1129 465 pietatis
1145 426 1256 456 eodem
1285 425 1503 464 facultatisque
1521 434 1585 455 suae
1602 434 1680 455 con-

59 474 214 511 signasset
230 479 453 511 monumento,
472 483 537 506 non
555 475 637 506 male
653 475 839 506 constitutas
861 474 1085 512 gratulabatur.
1112 474 1262 505 Caeterum
1289 483 1383 513 quam
1404 483 1476 505 Vere
1504 475 1579 505 illud
1606 475 1681 505 olim

59 522 208 560 scriptum
227 532 245 553 a
262 524 403 562 quodam
421 524 460 554 sit
477 534 484 553 :
507 524 715 561 Quanlumvis
732 523 824 554 docta
840 522 1018 562 diserta/[ue
1034 531 1140 560 opera,
1167 521 1273 552 blattis
1285 522 1383 553 nihilo
1405 523 1504 552 secius
1528 532 1562 552 nc
1588 523 1681 553 tineis

61 569 167 608 epulas
188 571 316 605 datura,
332 571 398 602 nisi
412 572 550 611 potentis
566 577 595 602 et
611 572 739 611 benigni
761 572 846 611 genii
863 571 982 609 efficaci
998 570 1198 609 providentia
1215 576 1365 600 curentur
1384 581 1393 599 :
1410 578 1473 600 non
1490 570 1553 600 alio
1570 569 1681 600 melius

60 619 216 657 exemplo,
238 629 333 659 quam
351 620 442 660 hujus
455 620 525 651 libri
541 620 654 651 misera
671 623 700 651 et
717 619 907 651 lamentabili
929 618 1052 649 fortuna
1078 619 1316 657 comprobatum
1338 622 1393 649 est.
1413 619 1486 648 Tam
1504 622 1634 648 venusto
1655 618 1681 647 is

61 666 185 704 quidem
200 668 392 699 elocutionis
408 669 484 699 tlore
499 672 646 708 comptus
668 673 738 699 ortu
755 668 824 707 ipso
844 666 947 707 primo
962 666 1090 706 prodiit,
1107 670 1140 696 ut
1159 666 1184 696 si
1202 666 1329 696 fabellas
1347 670 1377 695 et
1393 675 1488 705 nugas
1506 674 1606 696 meras
1624 666 1679 696 ista

61 714 211 752 elegantia
228 716 362 752 garriret
373 717 510 752 aniliter,
529 720 641 747 ornatu
653 716 722 747 solo
744 716 893 746 dictionis
918 715 1108 745 honoratum
1128 715 1211 744 inter
1242 715 1412 753 scriptorcs
1441 715 1561 745 Atticos
1589 714 1679 753 primi

60 762 196 792 subsellii
216 762 435 794 eblanditurus
451 764 510 794 sibi
527 764 618 795 facile
635 764 739 794 locum
752 763 856 794 fuerit.
873 762 994 794 Rursus
1010 766 1071 793 tam
1090 772 1182 801 grave
1194 766 1320 800 tamque
1348 763 1427 792 scitu
1456 763 1680 795 necessarium.

62 808 108 837 tali
121 810 343 848 dispositionis
358 815 436 847 arte,
456 815 606 851 tantaque
625 812 802 842 maturitate
814 811 926 850 judicii
946 815 1165 849 argumentum
1184 810 1320 850 explicat
1342 820 1378 841 ac
1394 811 1520 849 digerit,
1539 815 1571 841 ut
1589 811 1612 841 si
1630 811 1679 841 lo-

62 859 482 897 quereturinquinatissime.
501 863 606 890 tamen
618 859 789 899 splendore
804 868 952 889 sensuum
969 858 1111 889 illuviem
1130 859 1310 894 verborum,
1325 862 1356 889 et
1371 859 1510 889 historia:
1529 867 1590 888 non
1607 859 1679 889 alibi

62 909 188 935 narratae
210 907 404 944 praestantia,
420 907 521 938 labem
546 907 686 938 barbarae
702 917 737 938 ac
760 907 963 938 balbutientis
992 907 1145 938 orationis
1179 911 1285 946 posset
1316 907 1483 938 redimere.
1516 908 1679 937 Postremo

62 956 141 994 quod
163 958 329 987 mulierem
347 959 555 998 eamdemque
571 960 602 989 in
618 967 717 997 regno
734 964 836 989 natam
858 966 894 989 ac
912 959 1058 989 nutritam
1078 959 1189 998 Operis
1203 959 1294 997 spissi
1314 958 1493 997 prolixique
1509 958 1607 989 fuisse
1620 966 1678 988 au-

62 1008 172 1034 ctorem
191 1009 325 1041 constat,
339 1015 389 1036 res
398 1011 443 1037 est
456 1007 597 1046 profecto
616 1007 772 1046 ejusmodi
784 1015 855 1046 qua)
870 1007 1035 1046 seriptioni
1053 1016 1111 1038 nec
1126 1007 1195 1045 styli
1209 1007 1325 1045 alioqui
1344 1016 1401 1037 nec
1415 1006 1552 1037 materiae
1563 1014 1678 1045 genere

63 1052 222 1089 tolerabili,
245 1054 371 1084 raritate
388 1055 455 1095 ipsa
472 1059 502 1086 et
517 1056 758 1086 admirabilitate
773 1056 944 1095 scriptricis
961 1056 1076 1094 regium
1095 1056 1228 1094 pretium
1245 1056 1328 1094 apud
1347 1063 1457 1094 aequos
1472 1055 1677 1086 aestimatores

64 1108 161 1130 rerum
179 1102 308 1132 abunde
324 1111 474 1140 magnum
490 1104 692 1143 conciliatura
717 1104 895 1140 videretur;
925 1108 958 1134 ut
984 1113 1047 1134 non
1076 1104 1149 1134 ferri
1169 1104 1269 1134 solum
1286 1107 1317 1134 et
1337 1103 1413 1142 legi,
1444 1103 1498 1133 sed
1526 1103 1677 1133 celebrari

65 1147 148 1177 etiam
162 1154 260 1188 atque
279 1151 384 1189 expeti
401 1151 473 1190 jure
492 1151 633 1182 deberet.
649 1151 685 1182 Et
697 1157 800 1182 tamen
820 1161 826 1181 :
843 1160 862 1182 ο
879 1161 943 1182 rem
954 1152 1106 1182 miramne
1122 1152 1220 1190 magis
1232 1152 1331 1181 dicam
1342 1159 1380 1181 an
1394 1151 1537 1181 miseram
1553 1149 1559 1181 Ι
1574 1154 1676 1180 tamen

65 1195 109 1225 ille
125 1200 170 1226 tot
188 1197 371 1228 nominibus
385 1199 423 1229 ad
445 1199 556 1230 famam
570 1202 664 1239 atque
681 1200 719 1230 ad
738 1199 952 1230 celebritatem
978 1200 1216 1230 commendatus
1245 1199 1333 1235 liber,
1358 1202 1501 1238 spretus,
1527 1198 1676 1236 abjectus.

67 1243 204 1281 neglectu
219 1245 362 1275 omnium
375 1246 505 1277 obrutus
519 1247 613 1277 annis
628 1248 809 1286 quingentis
824 1247 855 1277 in
871 1248 932 1278 situ
947 1256 982 1278 ac
1001 1248 1139 1278 tenebris
1150 1248 1251 1287 jacuit
1268 1256 1274 1277 :
1292 1256 1327 1278 ac
1344 1256 1415 1278 cum
1436 1247 1511 1277 olim
1537 1250 1582 1276 tot
1610 1246 1675 1276 alia

67 1292 141 1322 nulla
155 1292 229 1323 huic
243 1301 281 1323 ex
298 1298 384 1332 parte
401 1295 621 1334 comparandae
637 1296 829 1328 Graecorum.
847 1296 976 1330 ultimae,
1001 1296 1124 1332 medim,
1152 1296 1267 1326 citimm
1300 1295 1461 1326 vetustatis
1482 1295 1674 1325 lucubratio-

68 1347 124 1375 nes,
141 1341 187 1370 vel
206 1350 221 1371 a
239 1341 481 1373 Venetiensibus
506 1343 572 1374 Aldi
598 1345 694 1384 typis,
716 1344 762 1374 vel
788 1352 804 1374 a
825 1343 1055 1374 Basileensibus
1081 1345 1238 1380 Frobenii,
1256 1344 1301 1374 vel
1326 1345 1364 1374 ab
1383 1343 1450 1374 aliis
1475 1343 1545 1372 alibi
1577 1343 1675 1372 lucem

67 1389 238 1427 acceperint
254 1398 262 1425 ;
283 1393 313 1420 et
329 1399 399 1420 cum
415 1392 501 1421 multi
519 1391 693 1422 exstiterint
708 1396 840 1430 utraque
853 1392 936 1422 docti
953 1391 1056 1429 lingua
1071 1391 1216 1422 homines
1232 1392 1284 1431 qui
1304 1393 1409 1422 Latine
1421 1391 1674 1430 interpretandos

68 1436 200 1467 eGraaco
220 1437 317 1468 libros
332 1438 497 1469 ambitiose
520 1440 753 1478 conquirerent,
771 1447 831 1470 una
857 1439 956 1470 ferme
979 1441 1119 1471 omnium
1144 1443 1241 1470 Annua
1268 1440 1390 1470 Alexias
1413 1440 1472 1469 fuit
1497 1448 1590 1478 quam
1620 1448 1674 1469 sua

69 1485 199 1522 quaadam
222 1485 418 1517 incredibilis
432 1487 598 1518 infelicitas
618 1487 828 1527 prohibuerit,
844 1496 884 1518 ne
903 1488 935 1518 in
950 1489 1047 1518 ullum
1064 1497 1202 1527 unquam
1217 1490 1359 1519 Graieum
1375 1485 1623 1527 typographum,
1641 1488 1672 1517 in

69 1533 198 1565 Latinum
225 1536 432 1575 interpretem
459 1537 558 1567 ullum
587 1538 752 1568 incideret.
782 1537 857 1568 Nam
894 1535 1183 1567 Hteschelianorum
1218 1540 1436 1575 escerplornm
1466 1538 1673 1574 Augus'anam

69 1581 260 1613 emissionem
281 1583 365 1613 illam
383 1593 475 1614 nemo
490 1593 601 1624 aequus
615 1585 731 1624 opinor
747 1586 844 1623 magis
868 1585 1082 1624 gratulandam
1099 1585 1275 1615 Cmsarissae
1300 1584 1452 1623 putaverit
1470 1592 1564 1622 quam
1583 1592 1672 1622 puen

70 1637 138 1665 peras
155 1631 304 1660 aliorsum
323 1639 419 1670 passae
436 1632 592 1663 infelicem
606 1633 792 1672 ejectionem
805 1633 887 1664 fctus
901 1637 1079 1663 monstrose
1096 1633 1194 1663 mutili
1210 1637 1239 1663 et
1256 1633 1381 1663 mortui.
1395 1633 1463 1662 Fuit
1480 1637 1581 1662 tamen
1602 1640 1673 1662 cum

69 1678 230 1715 respexisse
248 1681 367 1709 Annam
387 1680 500 1710 melior
510 1680 635 1711 fortuna
651 1681 711 1711 visa
727 1685 784 1711 est.
799 1681 934 1712 Jacobus
948 1682 1100 1720 Cujacius,
1111 1681 1157 1711 vir
1171 1683 1264 1719 longe
1279 1681 1419 1711 omnium
1437 1680 1579 1719 ingenio.
1593 1680 1672 1718 juris

70 1724 195 1761 scientia,
216 1726 393 1764 linguarum
410 1728 520 1758 notitia
534 1728 736 1765 clarissimus,
753 1729 906 1760 Alex-iadis
917 1729 1058 1760 codicem
1078 1733 1198 1762 nactus.
1217 1729 1302 1767 legit,
1317 1729 1468 1767 suspexit,
1483 1727 1672 1767 praedicavit.

71 1770 207 1811 Denique,
229 1783 296 1813 quo
313 1775 390 1805 nihil
406 1778 513 1812 Annae,
527 1775 603 1806 nihil
622 1776 666 1806 rei
686 1773 843 1807 litterariae
861 1777 1026 1808 consulere
1045 1777 1255 1816 opportunius
1277 1776 1389 1816 potuit.
1404 1776 1561 1806 viroillam
1578 1784 1671 1806 orna—

71 1820 176 1852 tissimo
193 1824 474 1864 eruditissimoque
493 1825 726 1855 commendavit
740 1825 830 1855 Petro
854 1826 963 1861 Fabro,
985 1834 1000 1855 a
1018 1834 1082 1864 quo
1109 1825 1279 1855 editionem
1310 1832 1380 1855 cum
1410 1824 1671 1863 interpretatione

72 1868 163 1901 latina
178 1872 380 1911 conjunctam
395 1882 523 1913 sperare
539 1874 639 1913 ipsam
660 1878 829 1912 oporteret.
849 1875 897 1909 At,
923 1882 942 1903 o
967 1873 1109 1904 fallacem
1127 1873 1334 1903 reconciliatae
1349 1880 1419 1902 cum
1436 1876 1520 1902 sorte
1541 1873 1669 1902 adversa

72 1919 158 1953 gratia:
177 1920 268 1950 (idem
285 1920 290 1951 l
314 1922 472 1951 recruduit
488 1922 574 1952 brevi
602 1923 739 1952 atrocior
753 1931 846 1961 quam
861 1925 952 1952 antea
974 1921 1106 1951 fatorum
1126 1921 1157 1951 in
1173 1923 1291 1950 Annam
1320 1921 1404 1958 rigor
1422 1929 1427 1949 :
1445 1928 1671 1959 nunquamque

72 1965 288 2004 tlesperavimus
305 1970 344 1998 de
360 1969 532 2008 illajustius
548 1978 642 2008 quam
657 1970 708 1999 ubi
723 1969 865 2008 proxime
880 1978 969 2008 spem
984 1978 1180 2000 veneramus.
1194 1968 1394 1999 Subtrahitur
1413 1969 1507 1998 rebus
1524 1969 1670 1999 humanis

73 2020 97 2042 re
112 2014 219 2045 infecta
237 2016 350 2046 Faber.
369 2017 535 2056 Exemplar
549 2017 677 2047 unicum
694 2017 852 2047 Alexiadis
876 2025 914 2047 ex
931 2017 998 2056 ejus
1011 2017 1133 2048 scriniis
1149 2016 1227 2047 clam
1246 2025 1388 2046 aversum
1405 2016 1435 2045 in
1452 2016 1558 2047 nescio
1582 2015 1667 2055 quod

74 2060 233 2093 barathrum
246 2072 362 2103 quasve
379 2064 522 2095 latumias
534 2065 943 2095 contruditurinexorabilis
956 2066 1107 2096 custodite
1124 2074 1129 2095 :
1147 2065 1205 2094 nisi
1221 2065 1325 2104 potius
1343 2064 1438 2103 (quod
1455 2064 1667 2095 verisimiliter

73 2109 111 2138 alii
128 2113 242 2149 rentur)
260 2120 334 2142 casu
351 2113 487 2151 quodam
503 2113 618 2144 infesto
635 2114 835 2152 absumptum
854 2117 901 2144 est
915 2113 1068 2144 funditus.
1083 2114 1139 2143 Hie
1156 2117 1206 2143 tua
1227 2116 1381 2151 quaedam,
1401 2115 1446 2142 vir
1461 2113 1663 2151 amplissime,

75 2165 158 2188 rerum
182 2159 433 2199 fato‘prudentia
450 2161 550 2200 major
565 2161 640 2191 etin
662 2170 726 2191 rem
759 2161 939 2191 litterariam
968 2162 1062 2191 nullis
1092 2161 1278 2191 deterrenda
1306 2160 1547 2195 difﬁcultatibus,
1577 2161 1669 2191 nullis

75 2208 229 2237 coercenda
244 2208 359 2238 ﬁnibus
382 2208 570 2247 benignitas.
587 2210 670 2239 velut
688 2217 704 2240 e
724 2207 868 2239 machina
885 2210 977 2245 Deus,
999 2210 1109 2240 adfuit.
1130 2210 1271 2248 Capessis
1298 2207 1378 2238 hanc
1404 2217 1522 2244 curam,
1538 2208 1668 2239 adhibes

75 2253 205 2290 animum,
224 2255 347 2285 lustrari
363 2255 569 2286 bibliothecas
580 2256 685 2295 jubes,
706 2265 820 2292 versas,
841 2257 984 2296 inquiris,
1003 2266 1064 2296 qua
1078 2257 1161 2287 vales
1184 2261 1313 2296 propter
1329 2264 1482 2286 summam
1498 2256 1669 2286 auctorita-

77 2305 121 2331 tem
139 2306 292 2342 potestate
312 2303 417 2343 longe,
448 2312 560 2343 prope,
576 2305 608 2334 in
625 2308 775 2340 nostrate,
792 2305 824 2334 in
842 2309 951 2336 extero
966 2306 1046 2341 solo,
1067 2306 1200 2341 moliris,
1230 2305 1372 2343 indagas.
1392 2305 1520 2344 retegis,
1551 2306 1668 2344 satagis

77 2350 197 2387 plurima.
219 2353 389 2392 Postquam
401 2353 475 2383 satis
494 2354 632 2384 constitit
649 2353 725 2383 nihil
742 2354 773 2383 in
793 2352 902 2388 Gallia,
921 2352 997 2383 nihil
1010 2353 1041 2383 in
1059 2352 1235 2388 Germania,
1257 2351 1333 2382 nihil
1359 2351 1479 2390 uspiam
1496 2352 1669 2391 Cisalpina‘

77 2407 126 2430 rum
141 2401 277 2439 gentium
290 2402 359 2440 spei
376 2405 429 2432 aut
444 2401 580 2440 praesidii
597 2401 636 2432 ad
652 2403 775 2432 Annam
792 2410 874 2437 esse,
890 2401 922 2431 in
944 2400 1062 2431 Italiam
1080 2400 1264 2435 transvolas,
1281 2401 1390 2430 Romae
1415 2408 1480 2430 rem
1501 2409 1602 2436 curas,
1621 2409 1668 2431 ac:

78 2449 202 2479 cersitnm
219 2449 295 2480 inde
327 2450 469 2480 codicem
488 2450 688 2481 bibliothecae
705 2450 883 2480 Barberinaa
899 2457 962 2480 non
979 2450 1130 2488 optimum
1149 2452 1200 2479 aut
1218 2448 1455 2486 integerrimum
1486 2448 1573 2478 illum
1596 2449 1667 2486 quia

79 2495 139 2532 ilem,
155 2501 259 2527 tamen
274 2497 428 2537 ejusmodi
446 2506 510 2536 quo
526 2497 682 2537 interpres
698 2506 762 2528 non
778 2497 888 2532 hebes.
916 2505 975 2527 nec
992 2497 1084 2536 plane
1105 2497 1271 2535 imperitus
1291 2496 1448 2527 consolari
1477 2496 1667 2526 desiderium

79 2544 193 2575 melioris
210 2550 329 2585 posset,
346 2554 416 2575 cum
434 2546 586 2575 nonnulla
602 2546 714 2576 ﬁducia
732 2554 839 2585 operte
853 2544 1021 2580 navandae;
1047 2544 1184 2577 allatum.
1199 2544 1339 2582 inquam.
1356 2543 1393 2573 ad
1411 2547 1439 2572 te
1455 2543 1553 2572 Roma
1573 2543 1666 2571 Lute—

79 2591 132 2622 tiam
145 2593 299 2632 ejusmodi
315 2594 457 2624 codicem
472 2594 511 2623 ad
527 2602 576 2624 me
589 2594 734 2624 Tolosam
752 2593 856 2623 mittis.
875 2590 983 2623 Aﬁixis
1001 2592 1236 2631 implicitusque
1256 2596 1320 2621 tum
1339 2600 1421 2621 eram
1438 2591 1520 2620 curis
1536 2593 1613 2625 toto,
1634 2593 1666 2619 ut
1708 2630 1710 2632 ι

79 2636 108 2667 ita
119 2641 219 2673 dicam.
238 2641 319 2671 caelo
334 2641 485 2677 diversis;
502 2650 605 2680 neque
621 2641 659 2671 iis
675 2645 870 2671 autnumero
891 2640 1011 2679 paucis,
1039 2644 1092 2670 aut
1114 2648 1230 2678 genere
1262 2639 1392 2669 levibus.
1424 2638 1503 2668 Hinc
1532 2638 1665 2672 Marcus,

79 2685 228 2728 Lucasque,
244 2688 391 2720 Matthan
406 2689 470 2727 jam
487 2689 627 2728 perfecto
643 2689 830 2728 promissam
853 2689 1062 2728 reposcebant
1077 2696 1217 2726 Operam.
1243 2687 1376 2718 Aliunde
1403 2686 1515 2716 divinae
1544 2685 1665 2715 Litterae

81 2735 266 2772 prOfessorem
279 2746 371 2767 suum
385 2737 455 2776 jure
471 2746 566 2767 manu
576 2740 756 2768 consertum
771 2737 922 2767 tenebant
942 2746 979 2766 ne
1002 2738 1041 2766 ad
1059 2737 1203 2766 humanaa
1218 2735 1358 2766 historim
1373 2732 1665 2772 interpretationem

80 2782 293 2816 descenderem.
310 2785 454 2824 Denique
469 2788 560 2824 cepta
576 2784 654 2814 varii
672 2784 796 2823 generis
811 2786 973 2822 coriiplura
988 2784 1161 2814 clausulam
1176 2783 1454 2822 eolophonemque
1473 2782 1664 2820 ﬂagitabant.

81 2829 138 2865 Quid
150 2842 272 2870 agerem
284 2836 299 2864 ?
327 2839 381 2865 tua
396 2835 550 2865 Mecaenas
565 2833 647 2864 haud
665 2832 768 2863 mollia
780 2833 826 2872 jus
835 2841 878 2864 sa.
897 2833 1035 2864 induciis
1054 2835 1214 2872 utcunque
1235 2830 1427 2869 impetratis;
1459 2833 1489 2860 et
1514 2828 1602 2868 quasi
1627 2829 1665 2858 ab
