1868 3044
187 152 222 181 σς
744 152 857 181 PETRI
879 151 1023 180 POSSINI
1058 151 1263 183 PIL'EFA'I’IO.
1781 152 1816 182 64

186 205 421 246 urgenlioribus
436 208 625 238 creditorum
638 216 724 238 mora
740 208 906 238 solutionis
923 211 1059 243 exorata,
1073 210 1171 237 totout
1184 209 1279 238 Amne
1297 207 1463 244 meti-ibui,
1480 211 1579 238 totum
1592 206 1740 246 impendi
1762 215 1770 236 ε
1786 213 1817 239 et

185 260 285 284 totum
302 257 341 284 ita
358 263 406 284 res
423 256 570 293 poscebat
586 259 617 285 ut
635 264 692 286 nec
710 259 792 285 totus
802 255 990 285 sutiicerem.
1007 256 1041 285 In
1056 255 1226 294 scriptione
1241 256 1352 294 passim
1364 255 1481 286 incerta
1495 255 1683 294 exemplaris
1692 257 1817 286 tumul-

186 304 283 333 tuaria
293 302 460 332 collatione
470 303 646 333 concinnali
656 304 835 342 conjectura
847 307 874 332 et
887 303 1223 342 suspicioneutendum
1237 304 1416 342 plurimum.
1427 305 1557 334 Lacunae.
1565 304 1817 334 divinationibus

187 350 384 388 supplenda).
402 351 577 381 Cavendum
595 360 632 381 ne
651 352 741 389 longe
758 351 954 380 ornatissima
971 351 1137 381 Comttenze
1153 352 1252 382 oratio
1270 352 1361 381 nimis
1375 351 1522 389 inaequali
1539 352 1674 381 versioni
1694 352 1817 381 Latine“

186 403 437 436 eomparaetnr;
457 408 518 429 non
537 400 650 429 minori
665 399 788 429 fastidio
800 399 1000 436 convilioque
1016 399 1191 435 oculorum,
1210 408 1303 438 quam
1325 400 1349 429 si
1370 399 1565 429 holosericus
1581 400 1644 428 viva
1664 409 1815 438 pttt'ptit'u

187 446 294 476 lucens
312 456 431 484 patmus
452 457 544 478 sacco
559 444 686 478 cilicino
701 452 753 478 aut
777 447 863 487 pullo
881 447 1008 477 centeni
1031 451 1221 478 assueretur.
1242 447 1421 477 Vetendum
1440 456 1477 477 tte
1499 446 1594 485 (quod
1622 456 1734 483 parum
1772 448 1813 474 \‘i-

188 498 266 524 tasse
283 495 406 533 aliquos
433 495 559 534 querela
589 495 758 525 nultornm
787 494 849 533 est)
879 495 1171 532 interpretationem
1206 495 1343 525 Latinam
1369 495 1502 524 ficerent
1533 495 1664 524 similem
1692 500 1814 525 st-lact-t

186 543 318 575 rribelli.
339 544 422 581 quod
441 545 630 574 immissazin
649 544 811 575 cerniculo
827 543 936 574 farina;
960 543 1070 573 ﬂorem
1093 542 1195 582 ipsum
1225 551 1260 572 ac
1286 551 1397 580 pumm
1433 542 1581 580 pollinem
1613 544 1814 577 transmittit,

183 590 321 621 furfures
337 600 371 620 ac
387 592 495 622 sordes
512 601 612 622 meras
629 592 740 622 retinet
754 595 784 622 et
801 591 948 622 exhibet.
966 591 1009 621 Ad
1031 590 1096 620 hmo
1116 590 1263 628 quoniam
1281 590 1310 619 in
1323 590 1493 620 Cmsarissm
1508 590 1655 620 familiam
1676 592 1815 619 nomium

184 642 277 676 atque
295 643 533 669 auctoramento
564 639 742 678 interpretis
761 639 1014 673 transcribebar;
1037 637 1173 668 tenenda
1191 637 1234 667 vis
1251 637 1343 676 hujus
1361 637 1465 671 cilicii,
1483 638 1568 675 quod
1585 647 1627 676 qu
1652 639 1680 668 lc
1699 638 1756 670 sit,
1777 647 1814 668 ex

183 686 298 715 muniis
326 686 464 724 ejusdem
480 688 615 724 generis,
634 687 856 726 principalium
873 686 1046 716 scribarum
1063 689 1093 714 et.
1110 685 1319 723 palatinorum
1337 686 1667 715 eommentariensium
1703 690 1814 724 potest

184 732 327 770 intelligi.
348 733 388 762 lis
406 742 496 772 reges
516 734 699 773 reginaeque
715 735 756 765 uti
775 735 877 764 solent
901 734 939 764 ad
957 732 1138 763 scribendas
1160 741 1238 771 quas
1264 741 1519 772 quoqueversum
1539 734 1694 763 missitant
1723 734 1814 763 lillu~

184 786 244 812 ras,
263 787 394 817 quarum
415 780 602 810 snnlcntiam
622 781 674 811 ubi
692 781 787 810 verbo
804 783 856 810 aut
872 783 947 810 nutu
965 780 1157 816 indicarunt,
1175 780 1307 810 istorum
1332 781 1397 819 jam
1415 781 1574 817 negotium
1595 784 1652 816 est,
1675 790 1737 819 pro
1755 790 1814 810 sua

184 826 336 864 cujusque
354 826 512 863 facultate,
539 831 676 857 mentem
693 827 900 866 subscripturi
928 827 1042 857 deinde
1063 828 1227 867 principis,
1246 837 1284 858 ex
1300 829 1366 867 ejus
1382 829 1533 867 dignitate
1557 829 1664 867 reique
1692 829 1814 858 merito

184 881 276 911 quam
295 873 453 912 aptissime
470 884 626 913 quamque
643 875 844 905 disertissime
860 875 1025 906 disserere.
1038 876 1201 906 Postremo
1217 877 1398 906 conandum
1414 880 1446 906 ut
1467 877 1563 906 Grmci
1580 886 1673 914 quem
1695 878 1813 916 expri'

182 921 330 951 mendutn
347 930 546 961 susceperam
564 922 728 962 archetypi
747 931 809 952 non
825 922 1069 962 superﬁciariam
1086 923 1190 953 solum
1204 923 1335 954 formam
1348 928 1399 954 aut
1411 924 1525 955 extima
1542 926 1692 955 duntaxat
1708 925 1816 955 linea-

183 976 289 1002 mt-nta
311 973 433 1011 (qualia
453 973 624 1003 viventium
645 974 677 1003 in
706 977 830 1003 mortuo
851 977 966 1003 restant
991 973 1160 1014 cadavere)
1187 974 1269 1012 stylo
1295 978 1456 1013 utcunque
1480 975 1660 1005 assimulata
1694 976 1815 1005 redde—

183 1028 249 1050 rem
273 1029 279 1050 :
299 1030 404 1051 verum
423 1021 512 1052 illum
540 1022 672 1061 insuper
700 1022 855 1060 vigentem
881 1030 917 1052 ac
944 1025 1140 1060 vegetantem
1169 1023 1264 1059 intus,
1288 1023 1487 1062 subindeque
1514 1024 1591 1052 vivis
1621 1032 1659 1053 ex
1685 1031 1813 1053 arcano

183 1069 431 1100 evibratiOnibus
451 1071 616 1100 micantem
633 1071 749 1100 Latinae
767 1078 896 1107 quoque
922 1070 1110 1108 expositioni
1128 1071 1254 1109 penitus
1283 1071 1422 1101 inderem
1452 1075 1545 1110 atque
1571 1071 1579 1100 i
1605 1071 1763 1106 halarem,
1786 1072 1812 1101 si

182 1124 321 1153 possem,
339 1118 496 1156 spiritum,
519 1118 602 1149 velut
618 1119 736 1156 ignem,
757 1118 856 1153 aiunt,
883 1117 1018 1148 tetherea
1041 1118 1229 1148 subductum
1255 1119 1349 1149 domo
1378 1118 1463 1149 luteo
1482 1119 1688 1150 Prometheus
1713 1120 1811 1157 operi

184 1164 320 1199 miscuit.
336 1165 412 1195 nihil
426 1166 542 1204 alioqui
560 1175 653 1196 sunra
668 1174 799 1196 massam
817 1165 909 1195 vilem
928 1165 1095 1196 madefacti
1111 1167 1251 1206 pulveris
1263 1167 1378 1197 futuro.
1396 1169 1450 1197 His
1463 1177 1520 1207 ego
1534 1172 1577 1198 tot
1589 1169 1809 1203 cautionibus,

186 1214 230 1241 tot
246 1212 596 1251 circumspectionitius.
613 1221 648 1243 ac
672 1213 937 1242 destinationibus
957 1216 1016 1245 tam
1033 1216 1125 1246 variis
1152 1216 1383 1255 prtemunitam.
1411 1216 1474 1246 imo
1503 1217 1603 1246 deﬁxe
1631 1217 1808 1251 inlen'am,

183 1263 278 1298 atque
294 1260 386 1290 anxie
401 1261 567 1291 sollicitam
588 1265 724 1291 mentem
743 1261 836 1291 habui
850 1265 914 1290 tota
933 1262 963 1290 in
981 1262 1143 1293 functione
1173 1263 1352 1293 demandati
1375 1263 1468 1302 hujus
1483 1273 1498 1294 a
1516 1268 1544 1294 te
1561 1264 1636 1293 mihi
1659 1266 1810 1294 muneris

183 1307 438 1340 iuculentissimee
454 1310 592 1340 historiae
608 1310 722 1340 Latinis
743 1310 874 1340 edenda)
890 1309 1013 1340 litteris.
1036 1311 1217 1348 Quanquam
1235 1320 1312 1341 mete
1328 1320 1375 1341 me
1391 1312 1612 1342 imbecillitatis
1631 1313 1809 1342 conscien-

182 1356 225 1386 tia
245 1357 373 1387 ttimium
391 1358 499 1388 timere
515 1358 610 1397 cogit,
633 1367 696 1389 non
714 1358 809 1388 modo
829 1366 869 1388 ne
885 1358 969 1397 quod
986 1359 1142 1397 sequebar
1158 1367 1220 1388 non
1240 1364 1400 1388 asserutus
1422 1359 1492 1394 sim,
1519 1368 1625 1389 verum
1648 1359 1746 1388 etiam
1766 1368 1809 1390 ne

182 1402 214 1433 in
230 1404 305 1435 alias
321 1405 432 1435 diversi
455 1407 578 1445 generis
595 1406 859 1446 reprehensiones
876 1406 1075 1437 incurrerim.
1100 1406 1170 1436 Scio
1195 1406 1341 1436 nimitum
1367 1407 1444 1442 Seio,
1478 1407 1542 1437 btec
1569 1407 1606 1436 de
1629 1416 1688 1446 qua
1721 1408 1806 1442 dixi,

182 1459 275 1485 quam
295 1453 453 1492 profiteor,
467 1455 560 1484 libere
578 1455 736 1493 politeque
752 1453 1070 1493 interpretandisecta
1080 1457 1109 1483 et
1123 1454 1210 1489 ratio,
1223 1455 1270 1484 cui
1284 1459 1501 1493 quantmquam
1518 1454 1684 1484 offensioni
1701 1463 1809 1494 expo-

181 1501 242 1530 sita
264 1501 303 1530 sit
320 1502 454 1538 tristium
470 1511 685 1542 censttrarum.
705 1503 782 1532 Sunt
801 1502 854 1542 qui
875 1510 965 1532 nares
986 1506 1165 1539 eorrugent,
1192 1502 1244 1541 qui
1268 1502 1476 1541 superciliose
1506 1506 1638 1532 renuant
1669 1503 1808 1541 quoties

183 1549 320 1579 occurrit
344 1550 446 1580 Latina
466 1551 565 1580 oratio
585 1560 680 1590 super
691 1552 805 1581 Graecas
823 1551 971 1586 modum;
996 1549 1119 1589 quoties
1135 1549 1269 1580 vicissim
1288 1550 1436 1580 ﬂuentem
1454 1550 1536 1580 velut
1552 1550 1653 1580 sinum
1672 1551 1806 1580 Asiatici

182 1596 332 1633 Syrmatis
353 1598 502 1628 Romanae
518 1599 677 1628 munditia;
689 1599 831 1629 breviore
851 1598 1048 1628 succinctum
1067 1597 1151 1628 nodo
1172 1601 1299 1635 cogunt.
1316 1598 1389 1634 Quis
1407 1606 1517 1628 omnes
1537 1603 1699 1629 enunieret
1721 1599 1807 1629 deli-

180 1643 246 1673 cias
264 1643 469 1680 fastidiorum,
487 1654 619 1684 quarum
638 1647 668 1676 in
693 1654 822 1676 censutn
841 1646 970 1676 venittnt
987 1645 1189 1675 oscitationes
1203 1645 1283 1675 male
1304 1645 1486 1675 ferialorum
1508 1646 1620 1684 Supina
1638 1646 1805 1677 interdum

180 1694 213 1720 et
232 1692 412 1722 semisomni
429 1692 561 1724 lectione
585 1693 659 1723 nihil
678 1694 734 1724 nisi
755 1702 848 1724 ansas
865 1691 1030 1723 vellicandi
1054 1691 1256 1730 captantium.
1276 1692 1337 1722 Hic
1368 1693 1532 1728 enimvero,
1565 1693 1662 1728 aiunt,
1692 1693 1808 1724 Graiae

183 1748 310 1769 acumen
325 1741 456 1778 argutia
469 1742 616 1780 pinguem
632 1743 832 1781 interpretem
848 1741 931 1771 haud
944 1740 1088 1779 pupugit.
1113 1739 1194 1770 Alias
1219 1739 1409 1770 subsannant
1426 1749 1431 1769 2
1449 1741 1514 1770 Hui
1541 1750 1631 1779 quam
1654 1742 1807 1779 patulum

182 1788 265 1817 circa
281 1787 384 1818 orbem
399 1793 483 1818 errat
499 1790 508 1818 Ι
527 1793 573 1819 est
587 1790 638 1819 ubi
656 1789 812 1829 ﬂagitium
828 1790 838 1819 .'
856 1789 1033 1828 increpent,
1050 1788 1131 1827 quod
1141 1787 1262 1826 judicio
1282 1788 1422 1826 ipsorum
1439 1788 1674 1826 strangulantur
1689 1795 1806 1819 auclo-

179 1835 226 1864 νίς
249 1845 349 1873 sensa,
381 1837 463 1876 quod
490 1841 647 1866 mutentur
680 1847 776 1868 aurea
790 1837 953 1876 plumbeis.
975 1836 1064 1873 Quod
1078 1836 1181 1865 stricti
1207 1835 1288 1865 sale:
1309 1836 1531 1874 intemperanti
1557 1837 1671 1866 Latina:
1700 1839 1807 1875 copiw

181 1884 400 1922 superfusione
416 1884 589 1923 liquo/iant.
609 1885 751 1924 Denique
768 1885 892 1916 interim
910 1885 1003 1914 bilem
1020 1886 1190 1922 erumpunt
1219 1883 1418 1922 indignantes
1436 1895 1442 1913 :
1466 1885 1631 1914 Earurdato
1649 1884 1806 1916 barbarie

179 1931 288 1968 palato
309 1941 371 1961 non
390 1933 528 1970 sapuisse
544 1932 673 1962 saliram
692 1933 839 1962 Atticam.
862 1933 934 1962 Haec
950 1935 980 1961 et
998 1931 1063 1970 ejus
1078 1931 1202 1969 generis
1220 1936 1332 1961 caetera
1350 1935 1526 1971 praeterque
1543 1933 1682 1971 longum,
1699 1934 1805 1965 etiam

182 1987 240 2008 nec
257 1979 330 2008 mihi
352 1984 540 2018 promptum,
563 1984 592 2010 et
608 1980 726 2018 alioqui
741 1981 827 2010 exitu
842 1988 958 2019 anceps
969 1980 1062 2010 fuerit
1078 1980 1157 2010 velle
1181 1980 1345 2018 purgando
1361 1989 1396 2010 ac
1415 1988 1470 2018 pro
1500 1989 1550 2010 me
1582 1981 1718 2011 dicendo
1746 1992 1804 2012 re-

179 2025 299 2055 fellere.
318 2027 481 2064 Nunquam
497 2027 643 2065 equidem
658 2027 746 2057 soleo
764 2026 839 2057 mihi
855 2027 946 2057 nimis
959 2028 1108 2058 tribuere.
1122 2028 1200 2064 Quin
1214 2029 1292 2058 adeo
1311 2028 1495 2067 plerumque
1513 2030 1579 2068 ipse
1595 2029 1669 2059 mihi
1683 2039 1803 2068 parum

179 2081 288 2112 mquus
305 2082 392 2108 sum;
414 2074 533 2112 quippe
557 2074 674 2112 ingenii
693 2083 727 2104 ac
747 2074 901 2105 facultatis
918 2079 1035 2114 quanta
1054 2075 1092 2105 sit
1108 2075 1244 2106 tenuitas
1273 2076 1418 2106 conscius
1447 2077 1582 2113 animus,
1603 2077 1723 2116 judicia
1743 2088 1803 2109 re-

179 2121 443 2160 prehendentium
460 2121 505 2151 vel
521 2122 638 2160 excipit
652 2129 783 2152 assensu
796 2121 892 2157 facili,
909 2122 955 2152 vel
974 2122 1054 2152 ultro
1076 2122 1299 2153 consciscenda
1321 2131 1453 2153 censura
1479 2128 1685 2162 praeoccupat.
1705 2126 1804 2157 Nunc

178 2178 253 2199 vero
268 2169 359 2199 etiam
379 2169 544 2208 plusquam
562 2168 636 2199 alias
653 2169 733 2200 male
751 2173 870 2206 metuo,
891 2179 930 2200 ne
947 2170 1021 2200 alibi
1040 2170 1096 2206 vis,
1118 2170 1189 2200 alibi
1207 2179 1268 2206 ars,
1291 2170 1363 2200 alibi
1378 2170 1509 2201 felicitas
1538 2173 1687 2210 satagenti
1723 2173 1805 2206 licet

178 2216 255 2247 mihi
275 2216 452 2255 frustraque
467 2216 607 2246 molienti
622 2217 767 2246 defuerit.
784 2218 991 2253 Quamobrem
1006 2217 1126 2255 singula
1142 2217 1262 2256 objecta
1284 2218 1308 2248 si
1340 2227 1522 2257 persequar,
1545 2220 1685 2257 quaedam
1712 2222 1803 2253 forte

177 2266 239 2295 sint
254 2265 368 2303 quibus
383 2264 540 2294 diluendis
555 2273 613 2295 nec
629 2273 766 2301 coronae,
784 2274 842 2295 nec
854 2265 1014 2304 judicibus
1033 2265 1230 2302 satisfaciam,
1249 2266 1398 2296 nonnulla
1419 2267 1510 2296 etiam
1526 2267 1557 2297 in
1574 2268 1688 2306 quibus
1702 2278 1804 2300 accu-

176 2315 271 2345 satori
290 2322 360 2344 reus
376 2318 488 2352 sponte
502 2313 656 2343 confitens
671 2314 772 2352 palam
789 2313 859 2343 dem
876 2322 997 2344 manus.
1015 2314 1209 2345 lnnoccntiaa
1224 2323 1300 2345 meae
1313 2319 1415 2345 tamen
1434 2320 1463 2345 et
1480 2317 1550 2346 ﬁdei
1565 2317 1625 2348 hoc
1644 2318 1674 2347 in
1691 2327 1802 2358 nego-

176 2363 222 2394 tio
240 2363 365 2401 optimae
377 2370 440 2392 non
456 2370 472 2391 a
492 2361 763 2392 criminationibus
778 2361 876 2400 magis
892 2361 1001 2392 alienis
1023 2369 1114 2399 quam
1134 2362 1173 2392 ab
1187 2362 1286 2401 ipsius
1302 2362 1362 2392 mei
1388 2364 1568 2395 morositate
1578 2365 1688 2403 judicii
1706 2369 1798 2405 peri-

177 2411 323 2445 clitantis,
342 2419 381 2440 ne
392 2409 517 2448 penitus
536 2417 659 2439 causam
681 2409 833 2445 deseram,
850 2410 1061 2448 profitendum
1083 2410 1134 2440 hic
1155 2414 1212 2446 est,
1242 2418 1292 2440 tne
1317 2415 1395 2441 nutu
1410 2420 1445 2441 ac
1470 2412 1558 2450 jussu
1577 2416 1630 2443 tuo
1646 2420 1798 2452 suscept.-.

178 2456 340 2496 provincia
356 2463 450 2494 quam
467 2454 597 2484 minime
607 2454 688 2485 male
705 2454 833 2493 defungi
849 2455 1015 2492 studuisse,
1033 2457 1063 2487 in
1081 2465 1118 2486 eo
1135 2465 1194 2487 nec
1210 2458 1344 2496 tempori
1364 2467 1421 2488 nec
1446 2458 1554 2491 labori.
1582 2467 1638 2489 nec
1656 2465 1775 2491 conten
1787 2480 1798 2484 η

176 2505 255 2536 tioni
276 2503 456 2544 pepercisse
476 2511 627 2542 unquam.
644 2503 814 2532 Successus
829 2503 900 2542 quis
914 2503 1037 2534 tandem
1055 2506 1179 2535 conatui
1204 2506 1414 2544 responderit,
1438 2510 1471 2536 ut
1496 2507 1707 2545 producenda;
1733 2519 1795 2539 ne-

176 2553 347 2592 quidquam
365 2550 469 2580 multis
484 2549 658 2589 clepsydris
673 2549 827 2589 apologize
843 2551 1064 2590 compendium
1097 2561 1160 2583 uno
1178 2553 1273 2583 verbo
1289 2553 1409 2589 faciam,
1427 2554 1481 2590 tui,
1503 2555 1549 2583 vir
1568 2556 1713 2591 maxime,
1735 2557 1789 2595 ju»

178 2601 264 2636 dicii,
280 2601 325 2630 tui
344 2598 461 2629 arbitrii
482 2607 530 2629 res
546 2602 624 2629 esto.
641 2599 740 2629 Nemo
756 2599 814 2629 erit
827 2599 967 2629 omttium
990 2600 1050 2639 (sat
1068 2601 1149 2640 scio)
1168 2605 1226 2630 tam
1251 2602 1395 2640 pervicax
1410 2602 1463 2640 qui
1485 2602 1509 2631 si
1535 2603 1638 2632 minus
1660 2610 1795 2644 propter

177 2648 403 2688 amplissimum
420 2647 643 2685 magistratum,
660 2646 810 2684 quojuris
832 2649 862 2676 et
879 2647 959 2685 {equi
977 2648 1179 2679 moderamen
1194 2649 1247 2679 tibi
1260 2658 1416 2679 summum
1432 2650 1613 2681 attributum
1626 2658 1685 2687 est,
1701 2659 1793 2684 certe

177 2700 308 2737 propter
331 2695 525 2726 notissimam
542 2693 700 2729 omnibus,
717 2697 747 2723 et
769 2693 849 2724 ultra
863 2694 955 2725 etiam
968 2704 1062 2734 quam
1077 2695 1203 2735 imperii
1222 2696 1299 2727 fines
1314 2697 1421 2727 Gallici
1439 2698 1608 2736 pertinent,
1628 2699 1792 2733 celebrem

174 2754 211 2776 ac
227 2743 438 2775 venerabilem
456 2744 644 2780 aequitatem,
661 2741 804 2771 doctrina
820 2741 903 2772 varia
920 2742 1087 2782 omnisque
1106 2744 1230 2782 generis
1241 2744 1396 2784 sapientia
1415 2745 1627 2784 conjunctam,
1644 2756 1708 2777 non
1725 2752 1791 2780 tuas

175 2795 318 2825 standum
340 2790 518 2822 deﬁnitioni
534 2792 645 2828 putet:
666 2796 716 2819 tne
734 2789 862 2827 quidem
880 2791 958 2829 ipso,
985 2799 1179 2830 quocunque
1207 2791 1273 2822 alea
1294 2792 1429 2827 verterit.
1462 2793 1541 2823 adeo
1573 2794 1647 2824 nihil
1675 2802 1790 2829 contra

176 2843 349 2882 exceptum
364 2839 409 2871 vel
430 2838 648 2876 provocaturo,
669 2839 701 2867 ut
715 2837 960 2877 subscriptorem
978 2838 1278 2878 astipulatorcmque
1304 2840 1519 2879 cujuscunque
1534 2851 1646 2873 sensus
1663 2846 1705 2874 tui
1720 2845 1787 2884 jam
