1868 3044
154 111 189 142 67
719 111 830 140 I‘EI‘RI
849 110 994 140 Possm
1015 109 1211 139 PREFATIO
1756 100 1794 130 εδ

155 175 260 203 manu,
283 175 336 196 nec
360 170 513 204 integrum
537 177 545 196 :
567 165 621 195 sed
644 166 730 195 Luae
752 166 908 196 [luistenii
928 166 990 195 riri
1013 165 1196 198 doctissimi,
1221 161 1400 192 Bari/crium
1423 158 1614 189 bibliothecae
1625 159 1794 187 curatoris

156 215 321 253 diligentia
342 214 440 243 solers
468 213 608 252 fecerat,
636 218 670 244 ut
700 215 770 245 usui
798 223 860 244 esse
884 222 961 252 pene
991 222 1050 252 pro
1073 214 1194 251 integro
1217 214 1331 250 posset.
1364 210 1395 238 Is
1417 208 1552 238 codicem
1576 207 1657 236 hunc
1678 205 1793 235 multis

154 263 228 292 locis
251 261 392 292 mutilum
413 271 481 292 cum
503 261 565 292 alio
586 266 763 301 percelusto
785 263 816 291 in
839 261 1037 295 membranis,
1061 260 1240 298 imperfecto
1264 262 1291 287 ct
1313 258 1379 296 ipso
1403 256 1580 295 lamnisque
1593 255 1791 292 deformato,

154 319 241 348 quem
264 314 334 339 ante
355 310 408 339 hos
428 319 545 349 paucos
566 319 681 339 menses
704 310 736 339 in
758 309 944 339 bibliotheca
967 309 1108 339 Medicea
1134 307 1296 337 Florentia
1317 305 1394 340 ridi,
1418 304 1651 334 accuratissime
1667 307 1789 332 contu-

154 358 233 387 lerat
257 367 266 387 :
288 367 324 387 ac
346 358 419 397 quia
439 367 503 387 non
524 359 589 396 fere
613 358 722 387 iisdem
743 358 816 387 locis
840 358 928 386 ambo
952 356 1093 394 ea‘cmpla
1117 355 1307 394 (Ιρβί-ἰιὸαηί,
1331 355 1424 383 unius
1445 351 1583 381 hiatibus
1615 360 1652 380 ex
1683 350 1790 380 altero

154 405 326 444 ra‘plendis,
349 415 413 435 non
435 407 548 444 exiguo
572 415 626 435 nec
647 415 759 444 parum
779 406 869 435 nobis
890 405 1090 444 praedicando
1114 404 1219 433 labore
1242 412 1297 432 suo
1319 401 1462 441 proxime
1474 400 1687 438 integritatem
1709 408 1789 437 pcr—

154 453 287 482 ilurerat
307 453 514 482 Barberinum
536 454 691 486 codicem;
716 463 803 492 quem
826 454 1057 483 illustrissimus
1075 452 1281 482 cancellarius
1302 451 1343 480 ad
1364 460 1395 479 se
1419 450 1517 479 Roma
1539 447 1695 487 perlatum
1713 472 1721 482 ,
1738 448 1790 476 cui

154 502 334 531 rertendum
353 503 460 532 Latine
477 502 625 538 traderet,
644 512 704 532 non
722 503 777 532 diu
793 503 925 541 quasiit.
946 502 1135 538 Magnarum
1152 504 1194 528 est
1211 505 1237 529 et
1254 498 1397 537 regendis
1415 499 1508 527 terris
1525 506 1541 525 ιι
1559 496 1631 526 cado
1649 502 1788 534 parata—

153 559 222 579 rum.
240 551 401 585 mentium,
418 549 499 579 nihil
516 551 654 589 quamris
671 550 833 580 obscurum
847 556 937 589 atque
954 548 1068 578 humile
1083 548 1212 577 nescire.
1227 548 1330 585 Igitur
1346 547 1406 576 mei
1423 554 1543 584 quoque
1559 545 1694 574 nominis
1707 553 1787 582 qua-

154 597 224 625 dam
241 607 334 636 usque
351 597 391 627 ad
406 599 499 626 istum
519 599 635 636 apicem
659 598 742 637 forte
758 598 890 636 appulsa
905 597 1059 627 mentione
1078 605 1084 632 ;
1104 605 1172 625 cum
1185 600 1335 634 praterea
1355 597 1579 624 memoraretur
1593 602 1638 621 me
1655 601 1787 631 operam

154 646 225 675 olim
243 646 379 684 aliquam
400 647 432 675 in
451 646 614 685 qun-endo
632 647 772 684 posuisse
793 645 945 675 Tolosano
964 645 1059 676 Fabri
1083 646 1207 679 codice;
1232 645 1481 682 voluntatemque
1507 641 1680 672 ostendisse
1713 641 1788 670 Ale-

151 695 265 724 xiados
281 696 534 733 interpretanda,
553 697 709 733 negotium
725 696 830 726 statim
849 696 956 725 datum
968 700 1012 725 est
1027 695 1154 724 honesto
1164 695 1197 724 in
1207 693 1320 732 primis
1332 693 1401 722 oiro
1413 691 1601 722 Sebastiano
1616 690 1785 727 Cranzoisg

153 743 288 780 officinis
304 743 518 781 tgpographiw
533 744 626 782 regia
642 745 799 782 pra/ceto,
813 744 958 774 mittendi
972 743 1199 783 quamprimum
1215 741 1255 772 ad
1266 751 1310 770 me
1325 749 1430 770 recens
1441 740 1530 770 allati
1543 740 1636 768 Roma
1646 738 1785 771 codicis;

153 790 235 828 quod
252 790 302 820 ille
318 791 377 828 [ide
394 800 521 823 summa.
538 800 624 820 mora
641 791 726 820 nulla
748 792 898 830 priestitit
913 815 919 827 ,
948 792 1104 832 adjunctis
1133 791 1248 821 litteris
1269 789 1380 829 quibus
1407 787 1604 827 significabat
1620 811 1627 821 ,
1658 793 1786 826 gratum

152 848 209 873 me,
230 839 419 877 amplissimo
435 839 621 869 cancellario
638 840 809 878 facturum,
827 841 865 875 si,
882 840 962 879 quod
974 840 1109 878 primum
1124 841 1300 877 suppeteret
1316 838 1412 867 otium
1426 860 1433 873 ,
1461 837 1495 866 in
1518 836 1691 865 versionem
1713 835 1786 864 Alc-

151 887 258 916 .riadis
273 888 460 926 conferrem.
480 888 577 917 Eram
595 897 648 926 ego
665 893 729 917 tum
745 889 828 919 haud
840 897 953 927 parum
969 887 1101 918 diversis
1115 895 1277 916 sacrarum
1308 885 1497 915 Litterarum
1519 883 1633 914 studiis
1657 884 1783 912 immer-

152 944 202 963 sus
219 945 228 963 :
242 935 421 973 primusque
438 934 502 964 illic
518 944 552 964 ac
564 935 715 975 juvenilis
731 938 828 966 ardor
847 946 946 975 operte
959 935 1110 965 novandis
1133 935 1165 964 in
1185 934 1300 965 θνιεσίς
1318 932 1561 971 interpretandis
1574 956 1581 967 ,
1598 936 1625 961 et
1646 935 1784 970 tempore

152 982 218 1010 i.;so
239 987 452 1018 consenuerat,
471 987 498 1012 et
515 983 706 1022 experientia
723 984 868 1015 molestire
882 992 1074 1024 nequaquam
1088 983 1161 1021 pari
1175 982 1283 1020 fructu
1299 985 1501 1019 compensatir
1517 988 1582 1018 qua?
1605 979 1782 1017 pertricosa

152 1030 204 1059 isti
217 1031 342 1068 negotio
361 1031 450 1066 inest,
467 1031 640 1069 refrixerat
655 1041 731 1061 sane
746 1032 926 1071 plurimum.
950 1033 1062 1061 Tamen
1076 1029 1251 1060 reverentia
1262 1028 1433 1059 venerandi
1447 1028 1583 1056 nominis
1599 1027 1779 1063 instinctus,

150 1077 282 1106 sublatis
300 1083 424 1116 repente
439 1088 473 1108 ac
491 1079 635 1117 sepositis
651 1088 716 1118 qua?
730 1080 762 1109 in
781 1079 923 1109 manibus
938 1084 1027 1109 erant
1045 1079 1176 1112 cunctis,
1194 1082 1276 1107 totus
1291 1077 1332 1107 ad
1347 1076 1594 1106 exhauriendum
1609 1081 1703 1105 tanta
1719 1086 1778 1105 au-

151 1126 308 1155 ctoritatis
324 1126 506 1155 mandatum
523 1126 661 1156 incubui.
677 1127 720 1156 Ac
735 1128 894 1166 principio
921 1128 964 1157 sic
980 1127 1201 1157 constitueram
1222 1135 1231 1154 :
1248 1125 1307 1155 duo
1335 1134 1396 1154 esse
1419 1125 1577 1163 pracipua
1605 1125 1637 1153 in
1667 1124 1780 1163 quibus

152 1172 311 1202 elaborare
333 1182 379 1203 me
395 1178 562 1212 oporteret.
581 1175 660 1205 Nam
676 1180 703 1204 et
718 1175 896 1214 faciendum
913 1185 987 1211 esse,
1003 1181 1035 1204 ut
1055 1175 1193 1205 Grcecum
1215 1172 1372 1211 exemplar
1386 1182 1476 1212 quam
1496 1172 1780 1202 emendatissimum

152 1221 262 1254 eariret,
280 1226 343 1250 tum
360 1222 562 1251 adnitendum
577 1227 696 1261 postea,
714 1229 746 1253 ut
762 1233 827 1262 qua:
838 1233 876 1252 ex
892 1233 924 1252 eo
943 1223 1171 1262 exprimeretur
1192 1221 1302 1250 Latina
1318 1222 1430 1256 tersio,
1441 1230 1543 1250 ceram
1554 1221 1690 1250 auctoris
1707 1231 1780 1251 seu.

151 1269 277 1298 tentiam
293 1270 462 1299 rectissime
481 1276 707 1309 assequeretur,
723 1272 963 1311 planissimeque
980 1270 1133 1300 redderet
1157 1269 1297 1304 Quarum
1324 1277 1427 1297 rerum
1454 1278 1522 1297 cum
1548 1269 1572 1297 is
1599 1268 1675 1298 ordo
1699 1278 1780 1298 com-

148 1322 282 1355 paratus
303 1322 418 1348 natura
433 1321 484 1349 sit.
500 1323 534 1348 ut
550 1319 638 1349 illam
661 1320 731 1349 huic
745 1321 891 1358 prieeerti
906 1321 945 1350 sit
964 1327 1052 1357 opus,
1070 1317 1245 1356 appellcnti
1260 1316 1337 1346 mihi
1353 1316 1394 1346 ad
1408 1316 1545 1355 priorem
1557 1317 1704 1351 aninmm,
1723 1327 1779 1346 cx-

149 1366 343 1404 perientique
366 1375 501 1404 operam.
518 1368 625 1405 gravis
642 1376 708 1396 ecce
723 1368 826 1405 primo
846 1367 1046 1406 difficultatis
1063 1366 1169 1395 oborta
1187 1366 1313 1408 species,
1328 1364 1422 1404 paulo
1439 1365 1528 1393 etiam
1543 1369 1612 1402 post
1629 1365 1778 1402 ἀθερίνας

151 1413 268 1441 tionem
289 1412 398 1451 injecit
413 1412 492 1451 copti
505 1413 719 1452 perpetrandi.
740 1414 846 1444 Codecc
861 1415 914 1453 qui
928 1415 968 1444 ad
983 1423 1109 1444 manum
1127 1419 1192 1444 erat
1210 1414 1320 1443 unicus
1337 1412 1539 1443 (unzultuarie
1554 1436 1560 1447 ,
1576 1418 1609 1442 ut
1634 1413 1721 1443 dixi.
1740 1422 1780 1442 ccc

151 1458 270 1488 duobus
285 1459 404 1489 mutilis
423 1465 586 1498 congestus
608 1466 815 1501 consutusque
832 1463 950 1500 passim
966 1463 1101 1497 inetrtaa,
1125 1461 1287 1501 palamque
1312 1461 1438 1490 interim
1468 1461 1618 1490 νηησάσθω
1637 1460 1779 1490 lectionis

148 1506 276 1536 rocibus
292 1507 448 1541 scatebat;
468 1507 590 1537 lacunis
606 1508 647 1538 ad
665 1509 725 1538 lucc
742 1509 848 1539 hiabat
864 1515 926 1540 toto
942 1511 1061 1549 sparsis
1077 1511 1179 1548 operis
1195 1518 1340 1547 corpore,
1357 1509 1445 1548 cujus
1461 1513 1553 1547 caput
1579 1509 1678 1547 ipsum
1692 1532 1698 1544 ,
1720 1508 1777 1539 hoc

151 1560 195 1584 est
209 1555 440 1593 elegantissima
455 1560 483 1585 et
498 1555 579 1585 libro
593 1556 777 1595 dignissima
792 1558 942 1596 Prcefatio
958 1559 1054 1588 Anna:
1074 1557 1313 1588 desiderabatur
1329 1562 1410 1590 tota:
1424 1565 1516 1596 quam
1532 1566 1570 1586 ex
1583 1557 1778 1595 Augustanis

153 1603 332 1642 Excerptis,
347 1608 441 1642 prout
456 1604 558 1639 licuit,
577 1605 796 1644 supplet-imus.
819 1605 967 1636 Clausula
981 1615 1077 1644 porro
1094 1607 1253 1642 Ilistorice,
1277 1611 1431 1645 postrema
1457 1603 1571 1635 scilicet
1594 1605 1697 1644 quinti
1719 1605 1777 1635 de-

149 1651 310 1689 cimipars
329 1652 417 1688 libri,
435 1652 631 1682 creberrimis
653 1653 803 1692 fatiscens
824 1654 933 1690 rimis,
968 1655 1090 1693 pertusi
1130 1655 1248 1693 passim
1281 1658 1402 1683 cetusta
1431 1653 1513 1683 carie
1538 1653 1696 1688 eentonis,
1720 1658 1778 1683 αλιι

149 1700 383 1731 collabasccntis
397 1702 591 1741 ruinosa'qu-e
609 1703 749 1732 maceriae
766 1703 897 1741 speciem
913 1702 1014 1732 habet.
1035 1703 1117 1739 Quid
1136 1703 1184 1732 hic
1208 1702 1353 1731 auderem
1376 1701 1593 1739 spercn’emre?
1616 1700 1775 1739 Aggrede-

148 1757 202 1777 rer
215 1747 255 1777 ad
271 1749 512 1779 emendationem
527 1749 688 1788 archetypi
705 1755 868 1780 contextus
880 1751 895 1780 .7
915 1760 1006 1789 quam
1021 1751 1160 1780 nonnisi
1187 1749 1374 1789 conjecturis
1398 1753 1426 1778 ct
1441 1747 1698 1784 diriuationibus,
1713 1753 1777 1778 tam

148 1795 250 1826 multa
265 1798 483 1833 contentionis,
508 1807 598 1836 quam
621 1797 737 1828 nullius
751 1799 964 1834 auctoritatis,
982 1800 1016 1828 in
1032 1797 1256 1836 exemplarium
1273 1796 1396 1835 defectu
1410 1796 1586 1832 meliorum,
1606 1805 1777 1834 repra'sen-

149 1848 217 1873 tare
232 1854 277 1873 me
292 1849 434 1882 putarem
449 1853 538 1882 posse
550 1845 565 1874 ?
577 1845 625 1874 An
637 1844 857 1883 desponderem
872 1846 1018 1875 continuo
1031 1846 1180 1880 animum,
1194 1845 1400 1881 editionisque
1419 1843 1583 1874 consilium
1594 1843 1778 1884 abjiecrem?

149 1898 188 1921 ac
201 1901 269 1921 cum
290 1891 403 1921 Doridi
424 1892 594 1922 Hmschelio
612 1902 668 1921 sua
685 1893 770 1922 viros
789 1893 871 1931 apud
890 1893 996 1923 doctos
1014 1894 1120 1931 gratia
1145 1893 1322 1923 constiterit
1339 1914 1346 1927 ,
1365 1891 1446 1931 quod
1468 1892 1495 1921 is
1519 1900 1580 1920 non
1606 1891 1777 1922 dubitasset

150 1940 296 1970 mendosa
313 1940 542 1970 incredibiliter
557 1945 585 1970 et
601 1940 703 1970 lacera
725 1941 876 1970 Historice
893 1941 991 1972 Annce
1005 1944 1195 1981 fragmenta,
1214 1951 1326 1980 pauca,
1350 1946 1461 1970 temere
1483 1944 1677 1977 coacervata,
1691 1950 1777 1982 pra:—

150 1987 213 2026 βτί)
231 1987 392 2018 Alemiadis
414 1988 505 2018 titulo
528 1988 633 2021 edere:
655 1997 710 2027 ego
727 1993 808 2018 totos
825 1990 1000 2028 quindecim
1026 1991 1092 2030 ejus
1115 1990 1220 2028 operis
1242 1988 1340 2019 libros
1365 1993 1486 2025 nactus,
1518 1992 1648 2027 propter
1673 1990 1775 2019 nescio

150 2043 225 2073 quos
241 2044 341 2065 naevos
355 2037 456 2074 magis
478 2035 731 2074 interpellaturos
753 2037 787 2066 in
810 2036 922 2067 lectore
935 2047 1056 2068 sensum
1073 2037 1230 2076 elegantias
1247 2060 1254 2073 ,
1270 2046 1361 2076 quam
1382 2045 1488 2066 rerum
1520 2037 1693 2075 cognitioni
1720 2045 1773 2076 ge-

149 2086 279 2118 starum,
304 2088 358 2113 aut
380 2084 531 2114 Historia!
552 2084 728 2123 integritati
749 2085 964 2116 subtracturos
989 2085 1156 2126 quidquam
1171 2107 1179 2121 ,
1200 2084 1336 2124 publicis
1359 2083 1543 2114 invidendas
1562 2083 1775 2115 desideriis-et

149 2137 335 2163 a'ternarum-
358 2138 468 2164 rursus
490 2134 677 2164 addicendos
700 2135 898 2166 tenebrarum
927 2137 1082 2175 ergastulo
1105 2136 1283 2166 censerem?
1304 2135 1457 2166 Neutrum
1480 2135 1593 2174 opinor
1613 2135 1774 2175 quisquam

150 2190 254 2219 (equus
270 2181 446 2211 eruditusoe
461 2183 630 2215 suasisset;
647 2191 685 2212 ne
699 2183 859 2221 probasset
883 2185 1016 2223 quidem.
1038 2185 1100 2215 Illa
1121 2186 1221 2224 igitur
1233 2184 1310 2214 mihi
1330 2184 1484 2214 sententia
1498 2185 1671 2213 necessario
1694 2185 1772 2216 reli-

150 2237 211 2266 qua
232 2228 318 2266 facta
340 2235 396 2265 est,
414 2238 474 2268 qua
488 2229 681 2259 decernerem
694 2236 873 2260 contextum
888 2233 1010 2271 quidem
1022 2234 1161 2264 Gra-cum
1173 2233 1264 2272 plane
1276 2233 1428 2262 intactum
1448 2231 1634 2270 relinquere,
1650 2240 1687 2261 ne
1705 2242 1773 2262 ma-

150 2276 276 2311 nifestis
291 2277 414 2316 quidem
428 2277 637 2307 sollicitandis
647 2278 777 2315 mendis,
795 2279 933 2318 quandiu
953 2291 1032 2311 certe
1054 2281 1196 2311 lectionis
1220 2280 1354 2319 fundum
1384 2288 1446 2308 non
1477 2278 1619 2308 haberem
1645 2280 1773 2319 majoris

150 2324 349 2362 antiquitatis
363 2329 391 2354 et
406 2326 603 2355 auctoritatis
624 2326 770 2357 codicem.
796 2328 906 2358 Totam
921 2338 992 2359 vero
1025 2329 1215 2359 industriam
1237 2329 1270 2357 in
1287 2327 1498 2357 elaboratione
1522 2327 1639 2357 Latinas
1653 2329 1772 2358 rersio-

150 2372 200 2401 m's
218 2382 406 2411 expromere,
423 2373 622 2413 quajudicia,
639 2375 666 2404 si
680 2375 763 2414 quod
783 2381 879 2412 esset,
897 2387 933 2407 ac
958 2377 1123 2416 diligentia
1144 2377 1177 2406 in
1197 2375 1409 2406 subsidiorum
1436 2375 1644 2413 deficientium
1673 2376 1772 2406 locum

150 2420 370 2459 subrogandis,
391 2422 550 2461 expiandis
560 2422 708 2459 hiatibus,
721 2425 915 2464 corrigendis
927 2436 965 2456 ex
981 2426 1159 2464 conjectura
1174 2424 1298 2454 vitiosis
1312 2423 1400 2458 locis,
1413 2423 1512 2452 modis
1525 2422 1655 2462 denique
1671 2427 1770 2455 omni-

152 2467 208 2497 bus
223 2471 345 2508 assequi
362 2479 502 2505 conarer,
520 2474 553 2499 ut
571 2471 656 2500 nitor
669 2472 875 2510 primige-nius
899 2473 994 2512 Operi
1009 2472 1230 2512 pulcherrimo,
1249 2471 1351 2511 quoad
1364 2480 1421 2509 per
1432 2471 1567 2509 quinque
1588 2471 1769 2502 saeculorum

152 2517 337 2555 squalorem,
365 2521 393 2546 et
414 2517 589 2548 exitiabiles
610 2518 882 2555 infestissimorum
907 2521 1005 2551 omnis
1027 2522 1149 2560 generis
1175 2529 1302 2550 casuum
1328 2519 1464 2559 injurias
1488 2518 1605 2555 liceret,
1621 2519 1769 2551 hodierna

152 2565 288 2594 editione
304 2566 497 2597 redderetur.
514 2567 565 2596 En
580 2567 656 2606 quid
674 2567 836 2604 noluerim,
862 2578 921 2608 quo
944 2569 1082 2599 studium
1107 2573 1133 2599 et
1158 2573 1302 2599 conatum
1331 2566 1530 2597 intenderim.
1557 2567 1637 2597 Nam
1667 2569 1768 2607 reipsa

153 2613 228 2652 quid
243 2614 437 2652 perfecerim,
467 2623 529 2644 non
547 2623 619 2644 meae
635 2615 840 2654 professionis
855 2639 862 2653 ,
881 2621 959 2653 tum,
977 2617 1074 2648 lector
1087 2641 1094 2654 ,
1109 2617 1269 2647 sententias
1290 2615 1431 2654 deﬁnitio
1448 2618 1502 2646 est.
1524 2615 1619 2655 Cujus
1647 2621 1680 2645 ut
1706 2626 1766 2647 non

153 2662 310 2692 (blandiri
323 2664 428 2701 gratia
452 2664 605 2702 favorem,
635 2664 680 2692 ita
708 2673 764 2692 nec
781 2663 943 2702 deprecari
957 2665 1078 2705 objecta
1104 2666 1285 2695 demissione
1301 2663 1493 2693 severitatem
1517 2672 1527 2691 :
1551 2663 1647 2693 multo
1668 2670 1765 2695 autem

151 2710 253 2740 minus
268 2711 442 2741 contumaci
463 2711 640 2749 pervicacia
654 2710 815 2749 refragari
830 2721 964 2743 censuras
978 2713 1078 2743 relim.
1105 2713 1193 2744 Utere
1209 2718 1242 2742 ut
1262 2711 1335 2742 libet
1345 2711 1418 2750 jure
1434 2714 1523 2749 atque
1537 2711 1671 2742 arbitrio
1685 2714 1766 2752 quod

155 2758 213 2788 tibi
228 2768 294 2797 ego,
314 2759 360 2789 cel
374 2760 401 2789 si
415 2768 479 2788 non
502 2767 559 2796 per
571 2767 602 2788 se
617 2762 803 2796 suppeteret,
826 2760 910 2790 ultro
929 2761 1075 2800 iargirer,
1094 2761 1251 2800 probandi
1277 2758 1583 2798 reprehendendique
1600 2761 1682 2799 quod
1714 2762 1762 2792 (li—

151 2815 247 2845 gnum
265 2807 404 2839 duxeris.
420 2808 570 2838 Paratum
593 2815 657 2836 ecce
677 2815 721 2836 me
741 2807 773 2837 in
788 2811 939 2840 utrumvis
955 2809 1060 2847 habes,
1087 2814 1113 2839 et
1129 2817 1315 2846 quocumque
1338 2807 1406 2837 alea
1425 2807 1562 2843 verterit,
1576 2810 1700 2847 proviso
1717 2821 1764 2841 γε-

584 2861 596 2869 ι
