1868 3044
188 103 222 136 ’11
781 98 1009 130 LATINORUM
1026 98 1260 129 TESTIMONIA
1774 97 1824 130 72

193 174 1794 192 _______________________________________.____________

786 257 859 300 AD
900 255 1239 301 LECTOBEM.

237 432 286 461 Ea:
300 431 477 470 quindecim
492 429 589 460 Anna-
610 429 770 459 Comnente
785 427 1090 466 Porphyrogennette
1105 424 1268 455 Aleaiadis
1285 423 1387 460 libris,
1409 433 1485 463 quos
1511 423 1682 454 illustrium
1700 423 1826 454 biblio-

195 486 356 509 tltecarum
369 478 512 517 Catalogi
535 477 652 508 dudum
673 477 810 516 jactant,
834 480 901 506 octo
925 475 973 505 hic
992 474 1101 504 damus
1119 478 1268 512 perpetuo
1288 473 1353 511 fere
1370 472 1533 502 lacunalos
1549 481 1559 500 :
1579 477 1651 511 quot
1666 477 1694 501 et
1710 474 1826 512 quales

194 528 344 556 nimirum
365 536 404 556 ex
420 527 603 564 Augustana
626 524 824 563 aulographo
843 527 1067 562 repra’sentare
1084 521 1184 551 licuit.
1209 521 1317 551 Satius
1333 521 1413 550 enim
1428 520 1525 549 visum
1541 529 1605 549 rem
1625 521 1827 550 litterariam

194 575 284 604 nobis
301 575 380 604 hunc
400 575 555 603 semissem
571 582 653 602 nunc
670 573 792 612 quidem
809 571 929 604 debere.
945 579 1036 609 quam
1054 574 1118 599 toto
1133 573 1281 599 teternum
1296 577 1412 598 carere.
1430 568 1644 607 Integriorum
1666 574 1693 597 et
1714 569 1828 598 melio-

194 632 264 652 rum
282 622 507 661 exemplarium
521 621 651 656 domini,
671 621 794 650 utinam
811 619 963 649 incidiam
981 627 1043 647 non
1065 618 1182 656 ferant,
1200 621 1227 646 et
1253 617 1422 648 luminibus
1446 618 1562 646 nostris
1588 619 1828 656 quamprimum

196 671 372 701 obstruunt.
394 670 689 700 Prtestantissimum
705 668 839 698 Fabrum
851 667 981 705 Regium
1000 665 1116 696 Tolosa:
1127 669 1301 695 senatorem
1314 665 1498 711 nominatim
1513 664 1718 703 appellamus,
1735 666 1828 704 apud

197 728 284 759 quem
303 719 408 756 magni
424 718 547 756 Cujacii
565 717 701 747 codicem
716 720 838 746 exstare
855 715 955 745 aiunt.

235 767 334 797 Porro
352 766 449 796 Anna:
466 766 539 804 ﬁdei
557 764 731 804 periculum
747 765 780 794 in
795 773 840 793 me
855 773 919 793 non
933 763 1063 802 recipio.
1080 762 1212 792 Memini
1225 761 1308 801 apud
1329 762 1493 800 Vopiscum
1524 761 1637 801 legere,
1655 763 1827 793 neminem

196 814 398 852 scriptorum,
414 818 565 852 quantum
583 813 620 843 ad
636 812 794 843 historiam
812 811 960 851 pertinet,
978 819 1041 841 non
1060 810 1176 849 aliquid
1197 819 1265 840 esse
1281 811 1445 840 mentitum
1461 819 1469 846 ;
1487 819 1553 841 cum
1567 812 1829 842 contentionibus

197 862 354 892 incaluere
381 863 490 896 animi,
513 860 644 900 difﬁcile
666 861 826 890 ceritatem
850 864 934 889 recto
957 858 1044 888 oculo
1058 864 1196 894 tuentur,
1220 862 1248 887 et
1270 858 1326 887 vix
1346 862 1389 888 est
1409 858 1486 897 quin
1508 858 1629 898 aliquid
1648 859 1762 897 patr-ite
1793 864 1828 888 et

194 910 394 948 propinquis.
418 911 501 939 inter
517 919 592 948 quos
607 912 698 948 pater
717 909 820 946 primo
840 906 919 941 loco,
940 907 1121 943 concedant,
1142 908 1170 936 si
1186 906 1361 946 priesertim
1388 906 1511 945 feminea
1533 916 1643 936 manus
1666 906 1828 937 calamum

197 958 300 987 ducat.
313 959 373 988 Hie
389 963 433 987 est
449 958 690 996 foedissimorum
704 956 915 986 conviciorum
930 956 1014 994 fons,
1024 954 1135 994 quibus
1149 955 1240 984 Anna
1253 953 1410 984 interdum
1422 953 1615 984 muliebriter
1630 956 1661 984 in
1676 956 1825 992 Latinos,

193 1007 372 1046 pontificem
388 1006 526 1045 aliosque
542 1005 702 1044 principes
720 1003 872 1043 indulget.
894 1002 1049 1034 Cordatus
1066 1001 1163 1031 lector
1178 998 1342 1031 historiam
1356 1002 1421 1031 suis
1441 1004 1612 1038 momentis,
1628 1012 1692 1032 non
1707 1009 1826 1033 aucto-

196 1063 266 1083 rum
283 1054 447 1094 affectibus
468 1054 618 1093 ponderet
632 1063 641 1081 :
664 1053 803 1082 Tacitum
823 1057 849 1081 et
866 1051 1047 1081 Suetonium
1069 1050 1218 1079 adversus
1234 1048 1394 1080 Christum
1413 1054 1441 1079 et
1469 1050 1665 1080 Christianos
1683 1052 1825 1091 injurias

196 1101 340 1132 manibus
364 1106 467 1131 tamen
497 1101 602 1130 excuti
628 1109 691 1129 non
712 1100 861 1137 patimur.
881 1099 948 1136 Quo
963 1098 1072 1128 ordine
1088 1098 1172 1136 apud
1190 1098 1379 1136 posteriores
1402 1098 1524 1128 Graacos
1543 1099 1676 1128 Romani
1701 1109 1822 1135 omnes,

196 1150 325 1182 scim-us;
341 1149 430 1178 Anna
445 1154 596 1187 pra'tcrea
612 1148 759 1186 proprias
770 1156 800 1177 se
817 1147 884 1176 odii
904 1156 1014 1176 causas
1024 1146 1136 1177 habere
1151 1145 1364 1181 existimabat,
1381 1146 1465 1186 quod
1480 1146 1650 1186 Gregorius
1667 1149 1824 1186 pontifex

197 1199 383 1227 acerrimum
404 1196 507 1226 Alemii
524 1195 639 1225 hastem
656 1195 820 1224 Robertum
842 1194 1060 1228 Guiscardum,
1072 1199 1193 1232 patrem
1205 1194 1389 1230 Boemundi,
1412 1203 1498 1233 quem
1513 1194 1566 1224 illa
1580 1195 1670 1224 etiam
1686 1196 1823 1236 mirifice

197 1245 371 1275 insectatur
397 1249 424 1275 et
452 1245 604 1283 exagitat,
623 1245 656 1275 in
681 1244 852 1274 amicitiam
870 1247 1039 1282 receperat.
1063 1242 1228 1272 Bertoldus
1245 1242 1506 1278 Constantiensis,
1532 1253 1613 1273 anno
1634 1243 1721 1281 1081i,
1756 1245 1824 1275 ha’c

199 1292 313 1322 habet:
330 1293 386 1323 Itis
408 1293 605 1332 temporibus
627 1293 989 1329 Constantitioitotitanus
1006 1291 1170 1321 maximam
1200 1292 1367 1330 pecuniam
1394 1292 1543 1322 l-Ieinrico
1560 1294 1718 1332 quondam
1751 1296 1823 1333 regi

199 1341 381 1377 transmisit,
404 1345 437 1371 ut
455 1341 674 1371 Ruodhertun'i
703 1341 909 1375 Wiscat‘dum,
928 1340 1039 1370 ducem
1063 1339 1212 1370 Calabriae
1239 1343 1268 1369 et
1296 1340 1428 1379 Apuliae,
1457 1341 1654 1380 conjuratum
1683 1343 1822 1374 militem

198 1388 316 1418 domini
345 1398 443 1428 papm,
466 1390 497 1419 in
525 1390 675 1419 ultionem
700 1388 840 1427 ejusdem
865 1388 946 1426 regis
971 1387 1055 1418 bello
1079 1391 1253 1427 appeteret.
1285 1389 1362 1419 Nam
1399 1389 1599 1420 ltuodb-ertus
1629 1390 1822 1429 jamdudum

199 1436 277 1466 ﬁnes
295 1437 713 1476 Constantinopolitanorum
743 1437 866 1469 invasit.
884 1436 1063 1474 iterumque
1079 1435 1153 1466 illul
1168 1435 1404 1475 expeditionem
1421 1446 1547 1467 movere
1563 1437 1718 1476 disposuit
1736 1449 1742 1469 :
1761 1439 1819 1470 sed

199 1483 368 1514 Heinricus
382 1489 544 1523 acceptum
576 1485 751 1522 pecuniam.
774 1493 837 1514 non
860 1484 891 1514 in
918 1483 1117 1523 procinctum
1144 1488 1254 1514 contra
1277 1484 1507 1520 Ruodbertum,
1535 1486 1618 1524 quod
1636 1488 1823 1522 iuramento

198 1533 354 1570 promisit,
371 1533 426 1562 sed
445 1533 482 1562 ad
500 1533 733 1563 conciliandum
746 1532 804 1562 sibi
824 1532 934 1570 vulgus
950 1532 1165 1562 Romanorum
1188 1532 1353 1571 impendit.
1374 1532 1451 1562 Cum
1473 1532 1596 1563 Urbano
1615 1533 1725 1564 deinde
1737 1544 1823 1574 pon-

197 1579 278 1617 tiﬁce
301 1580 430 1610 Alexius
457 1581 489 1610 in
504 1582 638 1619 gratiam
653 1581 747 1610 rediit
769 1589 851 1609 anno
873 1579 960 1615 1089,
979 1584 1012 1609 ut
1033 1579 1113 1609 idem
1136 1579 1302 1609 Bertoldus
1325 1579 1428 1609 habet.
1446 1580 1596 1610 Dominus
1626 1590 1706 1620 papa
1731 1584 1818 1613 Con-

198 1626 515 1666 stnnlinopolitanum
536 1627 574 1657 ab
601 1627 927 1658 excommunicatione
955 1636 1012 1667 per
1037 1627 1157 1665 legatos
1180 1636 1257 1658 suos
1278 1628 1410 1659 absolvit
1435 1638 1442 1658 :
1476 1629 1560 1666 Quin
1588 1638 1626 1658 ea:
1655 1630 1823 1662 Casinensi

199 1673 315 1704 Chron.
333 1683 376 1710 1v,
398 1684 423 1704 c.
442 1674 490 1710 48,
508 1675 693 1714 colligimus,
712 1684 779 1704 eum
795 1675 991 1714 postmodum
1008 1675 1185 1706 Occidentis
1202 1677 1365 1715 imperium
1381 1687 1399 1706 a
1416 1677 1563 1707 Paschali
1585 1683 1672 1716 pont.
1691 1688 1822 1716 sperare

197 1730 317 1752 ausum.
335 1723 461 1753 Alexius
479 1723 651 1762 imperator
666 1723 900 1754 strenuissimos
916 1733 954 1753 ex
965 1731 1021 1753 suo
1037 1723 1171 1762 imperio
1190 1725 1271 1754 viros
1285 1725 1416 1755 Romam
1430 1734 1500 1755 cum
1518 1726 1581 1756 suis
1599 1726 1707 1757 litteris
1723 1728 1820 1764 misit,

198 1770 316 1808 auibus
337 1780 370 1801 se
387 1771 534 1810 injuriam
551 1773 590 1802 ab
616 1772 808 1811 imperatore
825 1772 940 1802 illatam
963 1772 1102 1810 pontiﬁci
1127 1776 1220 1811 atque
1239 1773 1400 1807 Romanis,
1418 1773 1562 1803 dolenter
1579 1774 1705 1804 audisse
1723 1776 1823 1814 signi-

198 1818 307 1853 ﬁcans,
325 1820 436 1857 agebat
452 1820 653 1859 postmodum
680 1821 805 1858 gratias,
819 1829 939 1859 eosque
955 1820 1098 1851 laudabat
1123 1821 1208 1859 quod
1226 1822 1356 1851 viriliter
1370 1821 1414 1851 illi
1432 1822 1637 1852 obstitissent.
1658 1825 1759 1861 Atque
1779 1825 1822 1854 ob

197 1865 278 1900 id,si
296 1867 422 1901 illorum
442 1868 566 1897 animos
584 1872 709 1906 paratos
724 1873 954 1907 promptasque
977 1868 1127 1898 sensisset
1147 1870 1191 1907 (ut
1214 1869 1271 1900 sibi
1293 1869 1479 1908 jamdudum
1513 1871 1686 1900 nuntiatum
1705 1871 1822 1911 fuerat)

202 1914 281 1942 velle
305 1915 350 1942 vel
370 1924 414 1947 se.
436 1915 483 1944 vel
500 1916 652 1944 Joannem
670 1923 773 1947 suum,
792 1916 880 1957 juxta
899 1923 1018 1945 morem
1036 1915 1213 1956 priscorum
1239 1917 1377 1947 ﬁdelium
1404 1918 1643 1957 imperatomm,
1659 1927 1675 1949 δ
1695 1928 1823 1953 summo

199 1960 350 1998 pontiﬁce
371 1962 479 1991 Romze
495 1970 644 1991 coronam
667 1962 791 2003 inrpcrii
815 1970 952 1992 sumere.
976 1963 1086 1992 Verum
1112 1973 1145 1995 eo
1159 1964 1338 1998 redeamus,-
1362 1970 1397 1994 ut
1425 1967 1521 1995 Annae
1535 1966 1625 2004 ﬁdem
1651 1967 1683 1999 in.
1700 1967 1739 1998 iis
1755 1977 1824 2009 qua:

199 2012 310 2036 contra
337 2013 462 2039 nostros
489 2009 610 2047 scripta
637 2009 776 2048 reliquit,
796 2015 944 2048 prtestare
969 2019 1031 2040 non
1051 2010 1146 2044 lubet.
1174 2012 1218 2043 ita
1250 2018 1278 2041 et
1303 2022 1408 2042 eorum
1445 2023 1510 2052 qua
1540 2015 1642 2044 nostri
1669 2015 1822 2046 adversus

198 2054 344 2084 Alezium
357 2055 453 2094 pleno
470 2055 580 2089 horreo
595 2058 728 2086 remensi
742 2063 826 2091 sunt,
847 2058 1064 2087 auctoritatem
1090 2059 1267 2098 defugimus
1286 2071 1295 2089 :
1319 2070 1389 2090 nam
1405 2061 1536 2100 largiter
1553 2062 1632 2093 hanc
1657 2064 1823 2095 (‘oinnenaz

199 2106 333 2132 retulere
347 2105 494 2142 gratiam,
514 2104 597 2145 quod
608 2106 769 2145 sequentia
785 2105 905 2145 aliquot
916 2104 983 2135 loca
999 2105 1151 2136 docebunt
1165 2117 1174 2141 ,'
1192 2106 1318 2147 longum
1338 2109 1437 2139 visum
1454 2110 1557 2139 omnia
1573 2111 1760 2144 exscribere.

239 2222 1717 2239 Ἣ

1730 2232 1800 2239 “.-

675 2319 809 2363 LATI
822 2318 1031 2364 NOBUM
1069 2319 1160 2363 ALI
1175 2321 1340 2374 QUOT

571 2419 627 2452 DE
670 2418 847 2448 ALEXIO
891 2419 1114 2451 COMNENO
1164 2421 1467 2453 TESTIMONIA.

241 2578 426 2608 Gttilielmus
446 2580 558 2618 Tyrias
575 2579 615 2610 De
637 2578 712 2609 bello
727 2589 815 2609 sacro
842 2579 896 2609 lib.
916 2588 950 2616 ΙΙ,
967 2588 1038 2618 cap.
1057 2577 1072 2607 5
1101 2579 1236 2609 Prmerat
1254 2582 1358 2610 autem
1376 2590 1432 2620 per
1446 2580 1475 2611 id
1493 2587 1620 2617 tempus
1638 2583 1819 2617 Grmcorum

199 2625 333 2665 imperio
349 2627 395 2657 vir
412 2636 544 2666 nequam
571 2631 602 2658 et
617 2627 779 2662 subdolus,
800 2628 925 2658 Alexius
943 2627 1083 2662 nomine,
1109 2629 1301 2666 cognomine
1321 2630 1466 2661 Comutio
1484 2631 1682 2672 (Comnenus)
1705 2635 1819 2667 dictus,

200 2675 255 2709 Qui
270 2684 340 2705 cum
360 2679 441 2706 esset
461 2676 492 2706 in
509 2675 662 2715 imperiali
682 2676 797 2715 palatio
810 2685 826 2706 a
840 2676 969 2707 domino
990 2676 1180 2713 Nicephoro,
1198 2683 1410 2717 cognomento
1426 2680 1612 2712 Bolhomath
1631 2682 1819 2726 (Botam'ate)

201 2724 254 2762 qui
271 2729 346 2755 tunc
362 2725 393 2755 in
412 2725 544 2764 sceptris
565 2734 663 2764 agens
679 2725 926 2764 principabatur,
947 2725 1113 2763 plurimum
1134 2725 1318 2763 honoratus,
1339 2732 1369 2758 et
1392 2729 1650 2766 megadomeslici
1668 2724 1818 2770 dignitate,

202 2773 309 2812 (luem
326 2782 383 2804 nos
402 2774 552 2814 majorem
569 2773 778 2804 senescallum
798 2773 958 2813 appellare
982 2775 1215 2816 consuevimus)
1231 2775 1417 2816 fungeretur
1435 2778 1550 2815 ofﬁcio,
1567 2781 1606 2811 ab
1630 2783 1818 2818 imperatore
