1868 3044
72 149 108 179 73
679 145 730 175 DE
748 143 890 175 ALEXIO
904 141 1103 175 :COMNENO.
1663 144 1699 176 τι

73 205 248 242 secundus,
263 208 375 236 contra
389 203 552 236 dominum
579 207 609 234 el
625 203 860 234 benefactorem
877 210 968 233 suum
994 200 1151 232 malitiose
1169 199 1381 237 recalcitrans,
1406 199 1517 240 quinto
1537 199 1583 230 vel
1612 204 1700 231 sexto

73 264 161 286 anno
176 259 347 293 antequam
368 252 506 293 populus
522 255 629 283 noster
645 252 823 288 accederet,
841 249 975 290 depulso
992 248 1123 279 domino
1142 247 1310 288 imperium
1335 248 1501 285 invaserat,
1519 251 1549 278 et
1565 248 1702 279 retinere

74 304 288 345 praesumebat
303 302 390 341 quod
414 301 566 332 violenter
580 303 801 340 occupaverat.
817 317 854 322 --
870 301 942 331 CAP.
962 299 1010 329 10.
1027 299 1105 329 Dum
1122 307 1196 329 vero
1211 298 1279 330 haec
1295 298 1326 329 in
1342 298 1452 329 castris
1467 302 1615 338 aguntur,
1627 307 1701 331 ecce

73 353 205 384 domino
224 349 397 382 Boamundi
412 349 539 380 nuntius
555 357 695 389 praesens
713 351 786 379 ante
801 349 915 380 ducem
930 349 1037 384 astitit,
1054 348 1196 388 praedicti
1230 348 1384 388 principis
1409 348 1528 380 litteras
1552 349 1702 380 deferens

72 402 105 432 in
123 401 191 432 haec
206 401 303 431 verba
321 408 329 430 :
345 398 487 433 Noveris,
503 398 641 428 vii-orum
657 397 789 437 optime,
807 400 892 436 quod
913 397 969 428 tibi
986 403 1095 429 contra
1114 397 1214 428 feram
1239 398 1408 437 pessimam
1429 401 1460 428 et
1483 406 1555 428 cum
1571 397 1701 430 homine

73 458 210 489 nequam
229 447 366 488 (Alexio)
382 446 535 477 incumbit
552 445 713 484 negotium
734 453 741 475 :
764 446 854 485 cujus
871 446 1070 486 propositum
1093 449 1140 477 est
1159 454 1287 486 semper
1303 445 1427 483 fallere,
1445 449 1476 477 et
1501 454 1627 476 omnem
1647 448 1703 477 La-

71 502 211 533 tinorum
230 499 394 529 nationem
413 505 514 536 usque
533 496 573 526 ad
598 499 732 526 mortem
749 496 852 527 modis
870 496 1020 527 omnibus
1039 496 1190 536 persequi
1209 507 1215 526 :
1242 499 1272 526 et
1297 496 1382 536 quod
1407 496 1447 526 de
1465 504 1503 526 eo
1524 501 1608 528 recte
1633 506 1705 528 sen-

73 550 162 582 tiam,
173 551 234 580 .tuo
253 543 426 584 aliquando
442 542 669 583 approbabitur
683 542 818 581 judicio,
835 542 906 572 novi
930 544 1015 575 enim
1029 545 1211 575 Graecorum
1227 544 1390 579 malitiam,
1410 548 1441 575 et
1459 544 1567 575 odium
1583 545 1697 575 adver-

72 605 126 627 sus
156 595 341 625 Latinorum
374 600 492 623 nomen
524 590 669 630 pertinax
693 595 724 621 et
739 590 942 622 obstinatum.
970 609 1004 614 —
1031 593 1103 623 CAP.
1136 592 1184 622 13.
1207 593 1429 623 Verumtamen
1457 592 1538 623 sicut
1561 593 1607 623 vir
1635 598 1702 625 erat

74 644 227 685 (Alexim)
244 641 410 676 subitotuS,
429 644 542 680 potens
556 639 705 670 simulare
718 644 750 670 et
765 639 964 670 dissimulare
984 640 1195 680 propositum,
1216 639 1320 671 missis
1336 640 1526 680 quibusdam
1542 641 1702 673 nobilibus

74 703 110 724 ex
125 693 194 724 suis
210 689 395 722 domesticis
409 689 448 720 ad
465 688 612 720 eumdem
638 688 738 718 virum
755 688 929 726 egregium,
953 688 1058 718 veibis
1073 688 1212 727 paciﬁcis
1222 688 1251 719 ei
1270 687 1396 719 locutus
1413 692 1460 718 est
1474 688 1506 719 in
1528 688 1614 725 dolo,
1629 693 1701 720 ten-

74 747 142 774 tans
156 741 180 772 si
195 747 332 780 quoquo
348 737 444 769 modo
463 745 537 768 eum
558 739 666 776 posset
681 735 842 775 decipere.
859 753 897 759 -—
913 737 985 766 CAP.
1008 735 1055 767 14.
1074 737 1131 768 Hic
1151 737 1278 768 demum
1300 736 1427 776 plenius
1444 737 1595 774 innotuit,
1615 739 1701 778 quod

75 789 230 831 quidquid
249 788 296 819 eis
312 788 485 826 imperator
506 784 660 824 (Alexim)
676 784 879 823 loquebatur,
896 785 982 815 fraus
999 788 1065 816 erat
1083 789 1113 815 et
1131 785 1368 816 rircumventio.
1384 802 1421 807 —
1438 786 1509 816 CAP.
1529 786 1576 817 19.
1593 787 1701 822 Quod-

75 848 135 878 que
151 837 355 878 principibus
374 833 546 865 liberaliter
561 833 738 864 contulerat
755 832 908 872 (Alexim)
921 841 979 863 nec
998 833 1195 864 liberalitatis
1210 837 1277 864 erat
1291 842 1350 864 nec
1365 834 1485 872 gratim,
1508 835 1563 865 sed
1579 835 1702 866 timoris

75 885 248 926 desperati,
275 887 306 915 et
325 882 536 914 fraudulenta)
557 881 715 912 versutite.
734 881 853 911 Nostris
879 884 984 912 autem
1003 880 1036 911 in
1062 880 1264 921 simplicitate
1286 882 1416 920 spiritus
1441 887 1468 913 et
1493 883 1617 914 sincera
1641 883 1702 915 ﬁde

75 934 316 969 incedentibus,
338 932 389 963 vix
404 930 588 972 perSuaderi
607 933 732 970 peierat
747 930 926 960 Graecorum
943 929 1073 965 malitia,
1087 933 1113 959 el
1132 938 1270 970 nequam
1294 930 1422 961 illorum
1446 931 1601 971 principis
1615 932 1702 963 fraus

75 989 102 1015 et
117 981 353 1016 circumventio
370 980 528 1020 pertinax,
545 979 681 1010 maxime
699 987 771 1010 cum
787 986 861 1017 erga
877 986 933 1008 eos
947 981 1033 1008 tanta
1054 977 1240 1008 liberalitate
1261 982 1292 1008 et
1306 978 1453 1010 simulata
1473 980 1570 1018 gratia
1585 980 1701 1011 redun-

75 1033 171 1064 daret.
187 1032 263 1062 Cap.
281 1029 331 1060 20.
347 1029 461 1069 Sicque
475 1027 618 1068 quotidie
630 1026 728 1066 magis
741 1030 771 1057 et
786 1026 882 1064 magis
899 1027 1080 1056 ercomm
1094 1025 1197 1063 dolus,
1213 1029 1244 1057 et
1258 1025 1343 1057 fraus
1357 1026 1558 1066 imperatoris
1570 1028 1698 1067 (Alexii')

76 1079 293 1120 detegebatur,
311 1078 354 1108 ita
374 1081 407 1108 ut
418 1077 482 1116 jam
500 1083 594 1106 nemo
611 1079 693 1107 esset
711 1074 749 1106 de
769 1074 969 1115 principibus
988 1073 1039 1104 cui
1053 1082 1118 1105 non
1134 1077 1217 1104 esset
1238 1071 1454 1112 manifestum,
1471 1079 1502 1106 et
1518 1075 1587 1107 luce
1605 1077 1700 1107 meri-

76 1129 166 1160 diana
193 1127 323 1164 clarius,
349 1128 468 1165 quanto
484 1124 558 1155 odio
583 1123 837 1163 prosequebatur
861 1123 1014 1163 populum
1038 1128 1192 1161 nostrum,
1216 1127 1247 1155 ct
1272 1133 1367 1156 omne
1391 1133 1493 1164 genus
1519 1125 1700 1157 Latinorum

76 1175 202 1207 haberet
214 1175 406 1206 invisum.—
421 1173 492 1204 Car.
506 1171 556 1202 21.
572 1171 728 1210 Quidquid
744 1174 848 1202 autem
866 1171 1055 1212 loquebatur
1070 1172 1222 1212 (Alexim)
1236 1173 1329 1204 dolus
1339 1177 1405 1205 erat
1419 1177 1449 1204 et
1459 1173 1698 1217 circumventio.

77 1241 111 1247 —
126 1225 194 1255 Lis.
213 1231 268 1260 vn,
286 1221 409 1253 “v.20.
426 1219 564 1252 Fraudes
579 1219 664 1250 enim
682 1219 884 1259 imperatoris
902 1219 1033 1259 (Αιεαίί)
1051 1225 1082 1252 et
1097 1221 1166 1261 ejus
1182 1221 1328 1257 versutia,
1349 1229 1427 1261 quas
1441 1222 1558 1262 saapius
1579 1226 1701 1262 experti

76 1273 212 1308 fuerunt,
225 1271 387 1303 declinare
406 1269 590 1309 judicabant
605 1268 815 1303 commodius,
833 1276 873 1298 ne
890 1268 959 1308 ejus
979 1269 1166 1308 labyrinthis
1194 1273 1225 1300 et
1252 1269 1437 1308 ambagibus
1464 1272 1578 1301 iterum
1594 1279 1629 1301 se
1645 1271 1703 1303 .in-

77 1323 236 1354 votverent
251 1319 396 1359 aquibus
413 1326 477 1348 non
493 1318 567 1348 satis
582 1317 673 1348 facile
691 1316 892 1355 postmodum
908 1321 1039 1356 possent
1053 1317 1208 1356 expediri.
1227 1334 1264 1340 —
1283 1318 1349 1348 LIB.
1366 1326 1401 1354 ι,
1420 1326 1490 1348 CAP.
1509 1317 1556 1349 12.
1576 1320 1612 1348 At
1626 1327 1700 1350 vero

77 1370 156 1402 idem
175 1368 331 1409 (Διετίας)
350 1367 533 1406 imperator,
551 1369 673 1396 vetusto
695 1366 876 1396 Graecorum
890 1374 980 1397 more
997 1369 1176 1399 nostrorum
1194 1366 1395 1398 successibus
1411 1365 1570 1403 invidens,
1587 1375 1699 1406 quani-

79 1420 120 1450 vis
137 1427 207 1455 eos,
228 1421 264 1448 ut
278 1415 494 1456 prmdiximus,
520 1414 602 1455 apud
619 1422 652 1445 se
671 1415 746 1446 satis
773 1414 910 1452 benigne
940 1413 1113 1451 habuisset,
1148 1414 1272 1446 occulte
1298 1414 1373 1446 inde
1402 1423 1460 1454 per
1490 1414 1702 1447 internuntios

80 1469 262 1508 frequentes
276 1466 309 1496 in
325 1473 435 1497 eorum
454 1464 628 1504 perniciem
644 1463 751 1495 hostes
767 1463 969 1500 sollicitabat,
986 1466 1016 1494 et
1030 1463 1070 1495 ab
1086 1471 1199 1495 eorum
1214 1463 1352 1494 adventu
1371 1463 1490 1495 crebris
1514 1464 1654 1503 epistolis
1669 1470 1701 1496 et

80 1516 262 1547 nuntiorum
297 1513 492 1544 discursibus
518 1512 668 1544 reddebat
688 1512 918 1549 instructiores,
941 1520 997 1543 eos
1024 1519 1238 1552 praemonens,
1261 1521 1300 1544 ne
1326 1516 1446 1543 tantum
1469 1513 1624 1552 populum
1642 1523 1700 1545 suo

82 1564 219 1604 periculo
236 1563 336 1593 libere
356 1561 489 1592 transire
516 1560 684 1601 patiantur.
703 1561 813 1592 Vicem
842 1561 1021 1601 scorpionis
1042 1569 1151 1600 agens,
1170 1561 1309 1601 quicum
1325 1569 1390 1592 non
1409 1561 1448 1591 sit
1465 1561 1498 1592 in
1520 1561 1600 1592 facie
1615 1563 1702 1601 quod

80 1612 238 1648 formides,
257 1610 431 1651 prudenter
448 1609 561 1640 feceris
583 1609 606 1639 si
624 1609 733 1640 cauda:
755 1609 939 1648 posterioris
954 1609 1113 1640 declinare
1136 1609 1252 1648 poteris
1277 1608 1478 1640 maleficium.
1498 1626 1536 1631 —
1554 1611 1618 1640 Lm.
1635 1618 1693 1646 xii,

81 1669 142 1691 cu.
160 1661 190 1690 5.
222 1660 284 1690 Per
305 1658 390 1689 idem
408 1661 531 1697 tempus
557 1657 653 1697 (anno
679 1656 766 1696 1118)
793 1656 1165 1696 Constantinopolitanus
1184 1657 1358 1696 imperator
1373 1655 1501 1688 Alexius
1517 1657 1699 1690 Latinorum

84 1709 232 1739 maximus
246 1709 443 1747 persecutor,
463 1705 557 1736 rebus
573 1704 719 1735 humanis
737 1708 901 1744 exemptus
918 1709 976 1736 est.

118 1757 271 1787 Κοῖνον-ιω
287 1754 467 1790 monachus,
485 1754 528 1784 De
543 1753 796 1784 Christianorum
813 1753 995 1792 principum
1008 1753 1204 1792 profectione
1217 1753 1251 1784 in
1265 1754 1402 1791 Syriam,
1418 1753 1474 1785 lib.
1491 1763 1525 1786 ll.
1541 1754 1701 1786 Subdolus

82 1805 181 1844 itaque
199 1805 376 1844 imperator
391 1802 545 1842 (Alexim)
563 1802 672 1833 videns
684 1809 828 1832 crescere
844 1805 945 1832 castra
962 1801 1027 1837 Dei,
1050 1805 1081 1832 et
1096 1801 1136 1832 de
1152 1801 1203 1832 die
1219 1801 1251 1832 in
1280 1801 1362 1832 diem
1379 1802 1587 1840 augmentari,
1605 1802 1702 1842 inops-

83 1853 183 1888 aeimi,
200 1860 317 1892 expers
351 1859 475 1888 sensus,
502 1858 622 1889 pauper
646 1849 782 1886 consilii,
798 1849 844 1880 ira
875 1849 1055 1880 vehementi
1083 1849 1179 1888 carpit
1202 1849 1335 1880 anxiari.
1360 1850 1448 1880 Mens
1474 1849 1558 1880 enim
1589 1851 1700 1882 fraude

85 1901 170 1939 plena
190 1908 321 1939 semper
338 1898 484 1930 anxiatur
501 1902 532 1928 et
548 1901 595 1928 est
610 1897 757 1935 sollicita,
781 1901 812 1928 et
838 1898 925 1938 quod
951 1897 1148 1928 machinatur
1167 1897 1256 1927 alteri
1272 1898 1465 1937 pertimescit
1487 1897 1547 1928 sibi
1574 1907 1700 1938 semper

86 1949 263 1980 machinari.
282 1949 316 1978 In
335 1951 441 1978 mente
457 1946 656 1986 imperatoris
671 1954 796 1986 semper
821 1945 936 1977 mansit
949 1945 1150 1976 fraudulenta
1177 1945 1273 1976 fictio.
1297 1946 1452 1985 Quidquid
1473 1946 1583 1986 iuravit
1601 1951 1699 1979 totum

87 1998 262 2033 exinanivit,
277 1996 349 2036 quia
367 1995 622 2035 perjurii_noxam
639 1994 800 2025 incurrere
826 1994 946 2032 maluit,
963 2003 1057 2033 quam
1087 1997 1212 2034 gentem
1238 1995 1426 2025 Francorum
1448 2004 1466 2026 a
1494 1995 1559 2026 suis
1585 1995 1700 2027 tinibus

86 2053 140 2076 non
156 2045 309 2084 elongari.

118 2094 283 2124 Conradus
302 2092 398 2123 abbas
417 2091 637 2130 Urspergcmis
652 2091 770 2122 Chron.
789 2100 872 2121 anno
893 2090 980 2122 1101.
1005 2093 1085 2123 Ecce
1099 2092 1203 2123 subito
1230 2100 1371 2123 murmur
1388 2093 1538 2128 exoritur,
1566 2093 1699 2124 invisum

86 2142 302 2182 imperatorem
320 2141 486 2181 (Alexium)
501 2141 676 2170 Turcorum
704 2139 809 2179 potius
830 2148 925 2179 quam
940 2139 1186 2171 Christianorum
1213 2140 1292 2180 parti
1314 2139 1436 2178 favere,
1465 2141 1700 2182 exploratisque

87 2199 148 2230 quae
163 2192 247 2222 circa
264 2199 322 2221 nos
337 2193 438 2225 erant,
454 2188 673 2228 frequentibus
690 2188 762 2219 illos
781 2191 890 2219 contra
909 2196 968 2219 nos
987 2188 1107 2219 nuntiis
1126 2187 1276 2218 animare.
1298 2188 1355 2219 Hic
1370 2192 1428 2226 est,
1447 2189 1607 2229 inquiunt,
1625 2199 1698 2230 pcr-

88 2239 157 2270 lidus
170 2240 226 2270 ille
240 2238 379 2272 Alexius,
392 2237 446 2277 qui
462 2237 592 2268 domino
606 2245 664 2268 suo
677 2236 868 2276 Nicephoro,
884 2245 941 2276 per
955 2237 1164 2276 quorumdam
1176 2235 1418 2268 Alamannorum
1434 2238 1699 2270 conductitiorum

87 2288 228 2319 auxilium
257 2285 409 2325 depulso,
436 2284 602 2324 imperium
621 2285 688 2324 ejus
714 2284 886 2324 usurpavit,
912 2286 1064 2325 ipsosque
1088 2284 1135 2315 sui
1163 2284 1292 2316 sceleris
1317 2290 1560 2326 cooperatores,
1589 2287 1700 2319 exsilio

88 2334 241 2366 damnatos
257 2333 363 2364 necari
379 2332 452 2363 fecit
470 2341 477 2362 :
497 2340 644 2371 nuncque
662 2341 696 2363 se
709 2332 786 2363 tanti
802 2332 879 2362 dixit
895 2332 998 2364 facere
1017 2332 1152 2363 Francos
1167 2341 1238 2363 cum
1254 2333 1363 2364 Turcis
1383 2334 1575 2373 prmlianles,
1592 2336 1702 2375 quanti

89 2391 170 2414 canes
189 2392 224 2413 se
240 2382 374 2412 invicem
391 2380 586 2411 mordentes.
603 2381 678 2411 Cum
693 2384 797 2411 autem
815 2381 936 2419 navigia
952 2380 1118 2420 quisquam
1135 2380 1314 2411 conducere
1338 2384 1484 2418 tentaret,
1500 2383 1618 2414 audivit
1632 2384 1701 2414 Ca2-

88 2438 176 2461 sarem
193 2430 325 2461 insidias
341 2428 516 2468 peregrinis
530 2427 623 2459 etiam
640 2428 671 2459 in
693 2428 769 2459 mari
785 2428 930 2468 posuisse
942 2453 949 2465 ,
970 2429 1146 2468 multasque
1167 2429 1286 2460 dudum
1314 2429 1426 2461 eodem
1452 2430 1592 2463 facinore
1607 2441 1702 2463 naves

89 2487 150 2509 eum
174 2477 396 2509 submersisse.
413 2478 610 2516 Quapropter
621 2484 731 2506 omnes
745 2485 818 2508 eum
837 2477 1066 2508 maledicebant
1092 2482 1124 2508 et
1149 2477 1465 2516 anatliematizabant,
1486 2488 1598 2511 omnes
1612 2480 1701 2511 illum

89 2525 191 2564 lingua;
207 2533 272 2556 non
290 2525 523 2564 imperatorem,
537 2524 592 2555 sed
605 2524 785 2555 traditorem
799 2525 1013 2564 appellabant.
1030 2527 1120 2556 Auno
1135 2523 1222 2563 1106,
1237 2525 1361 2557 invidus
1374 2531 1404 2557 et
1418 2529 1560 2559 occultus
1571 2530 1702 2559 eatenus

91 2573 223 2605 Ecclesiae
246 2576 431 2614 persecutor
446 2572 570 2603 Alexius
581 2593 590 2609 ,
607 2572 660 2602 diu
677 2575 790 2603 tectam
815 2581 879 2603 sua;
901 2574 1041 2614 perﬁdia)
1057 2573 1225 2605 toxicatam
1249 2574 1367 2606 rabiem
1390 2576 1532 2615 evaginat
1548 2585 1554 2606 :
1571 2577 1681 2607 Turcis
1692 2602 1700 2611 ,

90 2622 191 2659 quibus
204 2623 268 2663 jam
285 2622 370 2653 nulla
394 2621 441 2652 vel
457 2629 525 2652 rara
539 2620 572 2651 in
587 2621 712 2652 Oriente
739 2621 892 2660 regnandi
914 2630 987 2661 spes
1004 2624 1216 2659 remanserat,
1232 2631 1266 2653 se
1283 2623 1435 2653 tutissime
1460 2623 1615 2660 conciliat,
1636 2627 1666 2655 et
1682 2634 1702 2655 υ

91 2672 293 2711 turpissimum
311 2669 453 2702 facinusl
470 2670 618 2705 Nicaeam,
637 2677 731 2709 quam
757 2669 832 2700 olim
852 2670 925 2700 ﬁdei
950 2674 1067 2701 nostra)
1084 2670 1207 2705 turrim.
1233 2669 1417 2710 dudumque
1434 2671 1533 2702 multo
1549 2671 1699 2704 Christia-

90 2725 190 2750 norum
205 2720 358 2758 sanguine
373 2722 585 2758 comparatam
601 2718 868 2758 praeseripsimus,
885 2718 1058 2749 Solimanni
1075 2718 1199 2757 tyranni
1223 2717 1294 2748 filiis
1315 2718 1450 2750 reddidit
1467 2727 1474 2749 :
1490 2719 1648 2751 custodias
1661 2722 1701 2752 ad

90 2767 309 2800 prohibendum
326 2767 488 2798 transitum
505 2766 680 2807 peregrinis
696 2769 777 2796 terra
793 2766 934 2806 marique
947 2767 1118 2798 constituit.
1130 2767 1223 2806 Cujus
1234 2767 1351 2798 classes
1362 2771 1470 2799 contra
1483 2768 1700 2801 Antiochenos

91 2815 224 2852 directas,
248 2816 310 2856 ipsi
329 2816 414 2847 bello
440 2819 612 2856 ceperunt,
635 2819 667 2846 et
693 2815 725 2846 in
741 2814 961 2847 confusionem
987 2814 1083 2846 Alexii
1100 2839 1107 2852 ,
1133 2815 1217 2846 uasis
1239 2818 1334 2854 atque
1361 2814 1528 2848 pollicibus
1554 2817 1701 2849 omnibus

238 2867 373 2897 ΡΑτιιοι..
392 2867 449 2896 Gn.
469 2866 599 2896 CXXXL
782 2881 787 2884 -
808 2878 813 2883 ο

808 2878 813 2883 θ
1527 2867 1543 2896 3
