1868 3044
165 155 200 185 τε)
627 172 630 175 ι
706 153 878 184 ELOGlUM
898 173 902 183 λ

1042 152 1230 183 ῘΟΜΝΕΝᾹΞ.
1744 155 1779 185 76

164 209 326 245 abscissis,
344 217 437 238 unam
462 207 500 238 de
515 206 641 247 scaphis
668 207 742 239 inde
766 213 946 245 oneranles,
972 207 1153 248 hujusmodi
1179 207 1376 247 pulmentum
1402 205 1504 237 eidem
1527 213 1582 237 reo
1609 206 1779 239 multorum

163 258 295 289 millium
311 255 490 292 homicidae,
503 255 753 287 transmiserunt.
767 275 803 279 —
815 257 961 287 Albertus
974 256 1136 287 Stadensis
1152 255 1255 285 eadem
1268 255 1333 293 fere
1344 254 1385 284 ad
1396 253 1521 284 verbum
1535 253 1636 284 habet.
1656 271 1693 277 —-
1706 255 1779 285 Otto

163 304 390 344 Frislngcnsis,
409 304 555 336 Chronic.
575 304 628 334 lib.
646 312 701 340 vn,
719 314 787 344 cap.
807 304 854 335 10.
874 305 1000 335 Alexius
1014 304 1185 344 imperator
1201 302 1436 342 perﬁdissimus,
1452 302 1573 341 jamdiu
1592 308 1779 342 conceptam

162 354 257 385 corde
274 353 421 383 malitiam
441 352 545 383 celare
559 352 694 392 amplius
703 361 768 383 non
785 352 900 388 valens,
918 360 988 383 cum
999 351 1119 389 Turcis,
1135 351 1260 391 quijam
1278 359 1360 390 pene
1372 350 1528 390 desperati
1544 354 1643 387 erant,
1657 352 1778 391 turpis-

160 403 238 432 sime
253 400 441 437 foederatur,
456 401 567 440 eisque
583 401 733 437 Nicaaam,
753 400 852 431 multo
871 400 1212 438 nostrorumsanguine
1230 399 1426 438 acquisitam,
1438 399 1622 438 impiissime
1638 400 1778 430 tradidit.

201 450 368 489 Gotfridus
387 449 600 486 l'ilerbiensis,
618 449 764 481 Chronic.
780 455 870 488 parte
890 449 997 480 XVIII.
1016 447 1322 487 Constantinopolim
1338 451 1560 487 pervenerunt,
1576 447 1630 478 ubi
1645 448 1780 479 multum

158 497 266 529 dolum
292 501 323 529 et
345 498 608 538 impedimentum
623 507 640 528 a
658 506 731 536 rege
756 498 865 529 Alexio
889 497 1043 537 perpessi.
1063 498 1151 527 Tunc
1174 496 1303 527 Alexius
1325 505 1382 526 rex
1400 495 1779 535 Constantinopolitanus,

158 546 336 577 christiana:
361 546 576 586 prosperitatis
599 546 811 582 adversarius,
837 548 956 577 Turcos
981 546 1014 576 in
1041 545 1295 584 desperationem
1309 543 1374 584 jam
1390 544 1531 584 positos,
1551 544 1583 574 in
1608 545 1779 578 amicitiam

158 605 244 627 suam
260 597 495 634 cont‘mderavit,
510 597 619 635 eisque
635 598 744 628 turrim
762 598 910 634 Nicteam,
935 596 1183 627 Christianorum
1198 596 1351 634 sanguine
1371 595 1590 634 conquisitam.
1607 596 1778 626 concessit.

157 662 193 666 —
211 645 379 675 Mattheus
396 646 487 676 Paris
505 646 536 676 in
555 646 697 677 Historia
712 647 836 684 majori,
854 649 936 675 anno
960 645 1046 677 1096.
1063 646 1188 676 Alexius
1211 649 1314 675 autem
1334 645 1506 684 imperator
1519 646 1713 681 Graecorum,
1735 645 1781 676 vir

157 701 293 732 nequam
310 697 340 724 et
353 693 520 729 subdolus,
535 702 608 725 cum
635 697 718 724 esset
739 694 771 724 in
792 694 907 733 palatio
938 692 1108 730 Nicephori
1131 693 1309 724 decessoris
1333 693 1381 723 sui
1396 701 1549 729 summus,
1576 695 1607 722 et
1628 693 1780 732 princeps

157 742 288 778 militiai,
314 745 424 772 contra
448 741 610 772 dominum
627 749 717 772 suum
742 741 896 772 malitiose
916 742 1134 779 recalcitrans,
1153 741 1264 782 quinto
1287 741 1333 772 vel
1358 748 1447 772 sexto
1461 745 1532 772 ante
1548 741 1629 772 hanc
1644 743 1778 781 expedi-

156 791 275 820 tionem
301 798 397 826 anno,
427 789 557 820 domino
573 790 708 830 depulso
735 790 905 829 imperium
930 791 1102 825 invaserat,
1126 793 1156 820 et
1180 790 1324 820 invasum
1351 790 1498 828 nequiter
1523 789 1692 819 detinebat.
1719 791 1778 821 Hic

157 845 282 876 semper
299 837 497 876 propositum
513 837 633 868 habens
649 837 788 874 fallendi,
807 846 892 878 smpe
909 846 979 869 cum
994 837 1167 877 peregrinis
1182 838 1276 868 verba
1291 837 1419 877 paciﬁca
1437 837 1626 877 IOquebatur
1639 838 1673 868 in
1687 838 1777 875 dolo,

157 888 334 924 suspectam
345 884 464 924 jugiter
484 884 606 915 habens
620 884 856 916 multitudinem
877 894 971 917 cruce
995 886 1202 925 signatorum,
1220 890 1250 916 et
1268 885 1387 916 militiai
1411 886 1612 925 probitatem.
1636 886 1727 917 Unde
1750 886 1780 916 si

156 934 348 973 quandoque
376 941 490 964 nocere
517 934 664 969 cessavit,
693 941 757 964 non
783 933 845 964 hoc
873 934 995 966 virtutis
1024 934 1157 971 exstitit,
1185 933 1239 964 sed
1265 933 1397 964 timoris.
1414 950 1452 955 -
1471 935 1563 963 ANNO
1585 932 1670 964 1108.
1687 934 1778 965 Tunc

155 981 327 1020 imperator
346 980 483 1016 Alexius,
500 984 533 1011 et
549 981 695 1021 proditor
714 982 937 1021 nequissimus,
957 986 1134 1014 nostrorum
1153 982 1297 1013 invidens
1317 982 1525 1018 successibus,
1542 982 1650 1012 Turcis
1665 981 1779 1013 inﬁde-

156 1029 248 1065 libus,
267 1037 325 1068 per
340 1037 476 1068 quorum
493 1031 591 1059 terras
609 1029 769 1068 peregrini
785 1030 942 1061 transituri
958 1033 1057 1066 erant,
1078 1030 1205 1061 crebras
1231 1029 1401 1060 transmisit
1417 1029 1585 1069 epistolas,
1605 1029 1779 1061 exhortans

155 1077 313 1113 attentius,
337 1085 376 1107 ne
390 1079 511 1107 tantum
528 1077 774 1108 Christianorum
791 1078 945 1117 populum
963 1078 1061 1109 libere
1083 1079 1213 1110 transire
1228 1078 1260 1109 in
1279 1086 1367 1109 suam
1387 1078 1560 1118 perniciem
1578 1082 1775 1117 paterentur.

195 1123 340 1155 Matthan'
373 1124 728 1162 Westmonaateriensis,
754 1125 862 1156 Flore:
888 1125 999 1157 histor.
1025 1135 1106 1157 anno
1132 1126 1219 1156 1095,
1248 1126 1374 1157 Alexius
1397 1130 1472 1157 tunc
1492 1126 1642 1165 temporis
1658 1127 1779 1158 Grmeis

155 1172 341 1211 imperabat,
357 1171 402 1202 vir
422 1172 551 1211 quidem
567 1171 731 1209 subdolus,
748 1176 778 1203 et
793 1174 982 1205 nostratibus
998 1183 1122 1214 semper
1139 1183 1253 1214 parans
1267 1183 1339 1205 cum
1354 1173 1477 1204 insidiis
1493 1179 1734 1205 nocumentum.

193 1221 292 1260 Atque
309 1219 370 1250 lucc
385 1220 422 1251 dc
438 1220 545 1250 Alexii
558 1220 698 1251 moribus
715 1221 803 1260 vulgo
818 1222 903 1261 apud
920 1223 1048 1253 Latinos
1065 1223 1170 1261 opinio
1187 1221 1324 1252 obtinuit
1339 1232 1349 1252 :
1365 1231 1446 1252 unus
1462 1230 1550 1261 quem
1574 1231 1630 1261 ego
1646 1222 1778 1261 legerim

155 1267 301 1298 Albertus
320 1268 491 1298 canonicua
517 1268 682 1308 Aquensis,
705 1279 724 1299 a
752 1270 914 1301 Reineccio
939 1270 1031 1301 titulo
1057 1270 1199 1302 chronici
1216 1271 1514 1309 Hierosolymitani,
1540 1271 1605 1301 sine
1634 1271 1775 1301 auctoris

155 1317 278 1347 nomine
302 1316 414 1351 aditus,
432 1317 623 1348 commodius
643 1317 679 1348 de
704 1317 758 1348 illo
773 1327 837 1348 non
854 1327 917 1349 uno
939 1318 1004 1349 loco
1023 1319 1130 1350 sensit.
1147 1319 1199 1350 Sic
1218 1324 1252 1349 ut
1267 1318 1384 1349 alicubi
1407 1319 1473 1358 ejus
1493 1318 1681 1358 apolegetem
1705 1319 1777 1358 fere

156 1373 195 1394 etc
208 1366 346 1405 professo
372 1366 488 1404 egerit,
507 1374 570 1396 Lm.
592 1374 659 1403 vm,
676 1375 743 1397 CAP.
764 1366 811 1397 46.
833 1367 917 1398 Fecit
943 1366 1028 1397 enim
1052 1366 1133 1398 fama
1156 1366 1188 1397 in
1211 1367 1331 1406 populo
1358 1366 1535 1402 catholico,
1560 1367 1646 1406 quod
1674 1367 1778 1406 ipsius

155 1413 353 1451 imperatoris
373 1412 495 1452 (Alexii)
507 1413 639 1445 occultis
651 1418 683 1445 et
697 1415 826 1454 perﬁdis
837 1414 988 1452 consiliis,
1001 1423 1020 1446 α
1031 1416 1148 1446 comite
1162 1416 1351 1455 Reymundo
1366 1419 1396 1446 et
1411 1415 1562 1446 militibus
1574 1415 1774 1455 Turcopolis,

155 1461 308 1492 dedu.~tus
322 1461 362 1491 sit
377 1461 533 1492 exercitus
550 1462 828 1501 Langobardorum
846 1471 903 1502 per
918 1463 1041 1494 deserta
1061 1467 1092 1494 et
1107 1463 1189 1494 invia
1211 1468 1242 1494 et
1259 1464 1448 1495 solitudines
1473 1463 1640 1503 Flaganiie,
1660 1469 1694 1494 ut
1708 1464 1776 1496 illic

155 1510 293 1540 aTurcis
308 1509 400 1541 facile
428 1518 493 1549 prae
508 1509 591 1541 fame
608 1515 638 1541 et
653 1511 704 1541 siti
719 1511 906 1548 exhaustus,
929 1515 1096 1552 superatus
1118 1512 1326 1543 occideretur.
1349 1513 1465 1543 Verum
1485 1518 1519 1543 ut
1541 1521 1557 1543 a
1573 1512 1719 1543 veridicis
1743 1517 1775 1544 et

155 1557 315 1588 nobilibus
330 1558 403 1589 viris
428 1558 559 1590 relatum
576 1562 635 1596 est,
652 1567 854 1598 nequaquam
879 1559 940 1590 hoc
955 1559 1092 1590 nefando
1117 1560 1236 1591 scelere
1262 1560 1437 1600 culpandus
1455 1566 1531 1591 erat.
1557 1561 1633 1591 Nam
1656 1560 1778 1600 saepius

156 1606 327 1636 exercitum
347 1607 548 1646 praemonuit,
568 1611 598 1637 et
611 1606 739 1637 edocuit
760 1607 948 1638 solitudines
964 1612 993 1638 et
1008 1608 1213 1645 defectiones,
1239 1612 1270 1639 et
1287 1610 1459 1640 'l‘urcorum
1483 1608 1612 1639 insidias
1633 1608 1664 1638 in
1681 1608 1776 1639 inviis

155 1654 320 1693 Flaganiaa,
342 1659 371 1685 et
388 1654 461 1685 ideo
478 1663 533 1685 eos
547 1663 612 1686 non
625 1662 737 1686 secure
752 1659 785 1686 et
798 1658 883 1686 tutos
903 1664 959 1694 per
974 1655 1053 1687 hanc
1070 1655 1148 1686 viam
1165 1663 1258 1695 posse
1281 1656 1441 1687 incedere.
1457 1673 1496 1678 —
1515 1657 1586 1686 CAP.
1603 1655 1651 1686 47.
1669 1657 1777 1696 Impe-

155 1706 239 1733 rator
255 1702 401 1742 (Alexius)
429 1703 608 1734 universam
626 1703 812 1744 petitionem
829 1704 922 1742 regis,
948 1711 1019 1734 cum
1035 1704 1222 1734 muneribus
1242 1703 1302 1734 sibi
1324 1704 1532 1743 prmsentatis,
1559 1704 1590 1734 in
1614 1703 1699 1734 bono
1717 1713 1775 1734 ac-

155 1749 251 1789 cepit,
265 1753 295 1780 et
311 1749 350 1781 de
365 1750 450 1781 omni
463 1751 646 1790 suspicione
662 1750 749 1782 necis
761 1750 1053 1790 Longobardorum,
1072 1760 1165 1791 quam
1178 1751 1327 1782 adversus
1343 1759 1415 1781 eum
1424 1750 1588 1781 Christiani
1601 1750 1773 1788 habebant,

153 1798 368 1838 jusjurandum
381 1798 413 1828 in
433 1798 487 1829 Dei
506 1798 634 1829 nomine
650 1798 781 1835 faciens,
797 1807 830 1829 se
847 1799 1016 1836 excusavit,
1033 1799 1219 1838 promittens
1236 1808 1270 1829 se
1287 1798 1402 1830 deinde
1418 1799 1568 1829 omnibus
1591 1798 1776 1830 misericor-

155 1847 225 1877 dem
243 1847 319 1882 ﬁeri,
335 1855 441 1885 regem
454 1846 668 1877 Baldewinum
684 1854 720 1877 se
736 1846 815 1877 velle
830 1846 987 1877 honorare
1003 1851 1033 1877 et
1048 1855 1165 1878 amare.
1184 1849 1218 1877 ln
1229 1847 1339 1878 eadem
1351 1846 1508 1885 legatione
1524 1845 1563 1877 ab
1580 1846 1777 1885 imperatore

155 1894 315 1925 decretum
332 1898 390 1931 est,
408 1897 441 1924 ut
459 1893 629 1933 episcopus
649 1894 688 1924 de
708 1893 886 1924 Barcinona
904 1902 977 1924 eum
993 1896 1077 1934 apud
1098 1896 1275 1926 Romanum
1292 1898 1382 1934 pont.
1413 1893 1593 1925 Paschalem
1616 1894 1656 1925 de
1675 1895 1776 1925 tradi-

156 1942 242 1972 tione
266 1941 325 1972 sibi
347 1941 495 1980 imposita
523 1943 697 1972 excusaret.
728 1941 791 1971 Sed
814 1941 1016 1980 prwoaluisse
1043 1943 1254 1982 suspicion”,
1284 1952 1323 1972 ex
1344 1943 1542 1982 sequentibus
1567 1947 1711 1982 apparet.
1735 1960 1777 1966 ~—

156 1992 228 2022 CAP.
246 1991 293 2021 48.
321 1990 516 2030 Engelradus
539 1994 645 2020 autem
672 1989 764 2021 miles
791 1989 919 2029 quidam
951 1991 984 2021 in
1009 1993 1182 2022 Jerusalem
1210 1996 1365 2030 repertus,
1392 1992 1574 2022 muneribus
1597 1991 1776 2029 magnisab

155 2040 346 2079 imperatore
361 2040 545 2075 honoratus,
563 2039 647 2070 bona
663 2039 775 2070 nuntia
790 2039 972 2078 reportavit,
991 2043 1021 2070 et
1037 2040 1206 2070 amicitiam
1222 2043 1252 2069 et
1270 2039 1363 2070 ﬁdem
1387 2040 1453 2079 regi
1474 2040 1650 2070 Baldewino
1668 2041 1776 2079 impe-

154 2091 291 2118 ratorem
305 2086 385 2116 velle
410 2087 591 2122 observare,
617 2089 648 2117 et
662 2086 848 2126 peregrinos
862 2095 936 2125 Anon
957 2087 1036 2118 ultra
1061 2087 1234 2118 oll'endere.
1257 2087 1318 2117 Sed
1347 2088 1516 2128 episcopus
1539 2087 1775 2127 aliquantulum

156 2135 277 2166 renisus
292 2139 339 2166 est
360 2134 554 2174 imperatori,
574 2139 704 2175 propter
718 2135 938 2166 inﬁdelitatem
955 2144 1030 2175 erga
1044 2135 1149 2167 Gallos
1160 2159 1167 2173 ,
1184 2143 1277 2175 quam
1294 2135 1333 2166 ab
1357 2143 1396 2166 eo
1412 2135 1553 2166 extorsit.
1573 2136 1776 2175 Quapropter

155 2183 185 2212 in
202 2183 417 2214 amaritudine.
431 2182 526 2214 animi
543 2184 675 2214 Romam
691 2184 838 2219 tendens,
860 2185 967 2224 ipsum
979 2185 1203 2224 imperatorem
1221 2183 1403 2214 criminatus
1420 2186 1466 2213 est
1480 2183 1512 2213 in
1529 2182 1659 2213 ecclesia
1671 2184 1776 2214 Bene-

154 2234 298 2266 ventano,
312 2234 342 2261 et
355 2230 428 2261 ideo
440 2231 608 2270 assumptis
623 2230 735 2262 litteris
751 2231 852 2271 ipsius
863 2232 1043 2272 apostolici,
1062 2232 1261 2272 querimonia
1273 2230 1374 2270 gravis
1389 2230 1474 2270 apud
1485 2238 1596 2261 omnes
1606 2230 1775 2271 principes

140 2279 259 2311 illailia:
279 2287 376 2318 super
390 2279 462 2318 ipso
476 2279 668 2318 imperatore
687 2279 770 2311 facta
785 2283 844 2311 est.

1455 2369 1760 2378 —__——.—-—-q

525 2447 703 2494 ELOGl
718 2447 799 2492 UM
834 2446 1015 2491 ANNJE
1066 2447 1394 2503 COMNENAE,

584 2544 734 2566 HEROINE
768 2542 1028 2565 INCOMPARABIIJS
1049 2542 1087 2565 AC
1117 2543 1356 2572 ERUDITISSIME,

154 2609 250 2640 EatR.
268 2607 304 2638 Α.
325 2608 362 2638 Ρ.
383 2607 530 2638 Ludovici
543 2607 667 2638 Iacobo
680 2608 712 2637 S.
724 2606 849 2639 Carolo.
862 2606 1089 2645 Cabilonensis,
1105 2609 1290 2646 Carmelitw,
1306 2608 1480 2640 consiliarii
1495 2612 1524 2639 et
1532 2608 1773 2648 eleemosynarii

190 2655 349 2691 ordinarii
367 2656 447 2695 regii
467 2666 477 2685 :
499 2665 619 2686 necnon
647 2654 852 2686 illustrissimi
875 2664 911 2686 ac
937 2656 1187 2686 rcearendissimi
1208 2657 1247 2686 1).
1269 2658 1304 2687 ll.
1328 2657 1460 2687 Joannis
1483 2656 1576 2688 Pauli
1603 2658 1773 2691 Fraucicci

190 2703 563 2740 Gondii,Corinthiorum
579 2703 807 2742 archiepiscopi
823 2708 850 2733 et
865 2704 1059 2744 coadjutoris
1078 2704 1279 2742 Parisiamia,
1298 2703 1545 2739 Bibliothecarii.
1572 2705 1773 2742 Bibliotheca

190 2750 361 2781 illustrium
375 2751 562 2789 feminarum
582 2761 648 2791 qua:
664 2752 790 2791 scriptis
805 2751 984 2782 claruerunt
1003 2752 1209 2791 desumplum.

159 2837 161 2839 ι
190 2801 278 2828 Anna
294 2799 465 2834 Comnena,
482 2798 601 2836 Graeca,
630 2800 730 2830 Alexii
748 2799 927 2831 Graecorum
944 2800 1142 2840 imperatoris
1160 2805 1189 2831 et
1208 2802 1315 2832 lrenes
1335 2800 1416 2838 ﬁlia,
1442 2809 1479 2832 ac
1504 2799 1673 2843 Nicephori
1696 2804 1768 2832 Ma-

148 2845 256 2876 lisseni
273 2845 389 2884 conjux
406 2845 638 2883 augustissima.
657 2847 818 2887 Multiplici
839 2856 914 2878 sane
933 2848 1023 2879 laude
1044 2857 1159 2880 nomen
1180 2857 1271 2880 suum
1296 2852 1386 2881 Anna
1409 2848 1586 2883 immortale
1610 2856 1765 2884 reddidit.
