  <div class='ocr_page' id='page_1' title='image "/cluster/home/n/w/nwhite01/storage/ocr_20150623/131/njp.32101077773073/046.png"; bbox 0 0 1868 3044; ppageno 0'>
   <div class='ocr_carea' id='block_1_1' title="bbox 83 182 1695 217">
    <p class='ocr_par' dir='ltr' id='par_1_1' title="bbox 83 182 1695 217">
     <span class='ocr_line' id='line_1_1' title="bbox 83 182 1695 217; baseline 0.002 -4"><span class='ocrx_word' id='word_1_1' title='bbox 83 182 111 213; x_wconf 81' lang='grc' dir='ltr'><strong><em>’Π</em></strong></span> <span class='ocrx_word' id='word_1_2' title='bbox 637 184 810 216; x_wconf 74' lang='lat' dir='ltr'><strong>ELOGIUM</strong></span> <span class='ocrx_word' id='word_1_3' title='bbox 832 186 942 217; x_wconf 57' lang='lat' dir='ltr'><strong>ANNiE</strong></span> <span class='ocrx_word' id='word_1_4' title='bbox 957 185 1160 216; x_wconf 63' lang='lat' dir='ltr'><strong>COMNENXE.</strong></span> <span class='ocrx_word' id='word_1_5' title='bbox 1661 186 1695 216; x_wconf 79' lang='lat'><strong>78</strong></span> 
     </span>
    </p>
   </div>
   <div class='ocr_carea' id='block_1_2' title="bbox 83 241 1695 281">
    <p class='ocr_par' dir='ltr' id='par_1_2' title="bbox 83 241 1695 281">
     <span class='ocr_line' id='line_1_2' title="bbox 83 241 1695 281; baseline 0.001 -10"><span class='ocrx_word' id='word_1_6' title='bbox 83 242 150 271; x_wconf 80' lang='lat' dir='ltr'><strong>Nam</strong></span> <span class='ocrx_word' id='word_1_7' title='bbox 168 241 253 271; x_wconf 84' lang='lat' dir='ltr'><strong>varia</strong></span> <span class='ocrx_word' id='word_1_8' title='bbox 269 241 450 272; x_wconf 74' lang='lat' dir='ltr'><strong>eruditione</strong></span> <span class='ocrx_word' id='word_1_9' title='bbox 473 243 504 272; x_wconf 85' lang='lat' dir='ltr'><strong>et</strong></span> <span class='ocrx_word' id='word_1_10' title='bbox 525 241 638 281; x_wconf 80' lang='lat' dir='ltr'><strong>judicii</strong></span> <span class='ocrx_word' id='word_1_11' title='bbox 655 243 800 273; x_wconf 78' lang='lat' dir='ltr'><strong>acumine</strong></span> <span class='ocrx_word' id='word_1_12' title='bbox 820 242 1019 274; x_wconf 82' lang='lat' dir='ltr'><strong>doctissimas</strong></span> <span class='ocrx_word' id='word_1_13' title='bbox 1034 243 1115 273; x_wconf 82' lang='lat' dir='ltr'><strong>inter</strong></span> <span class='ocrx_word' id='word_1_14' title='bbox 1139 242 1186 273; x_wconf 89' lang='lat' dir='ltr'><strong>sui</strong></span> <span class='ocrx_word' id='word_1_15' title='bbox 1204 242 1261 273; x_wconf 74' lang='grc' dir='ltr'><strong>ωνί</strong></span> <span class='ocrx_word' id='word_1_16' title='bbox 1276 241 1409 273; x_wconf 77' lang='lat' dir='ltr'><strong>feminas</strong></span> <span class='ocrx_word' id='word_1_17' title='bbox 1434 241 1592 273; x_wconf 87' lang='lat' dir='ltr'><strong>inclaruit.</strong></span> <span class='ocrx_word' id='word_1_18' title='bbox 1621 242 1695 273; x_wconf 68' lang='lat' dir='ltr'><strong>Ilaec</strong></span> 
     </span>
    </p>
   </div>
   <div class='ocr_carea' id='block_1_3' title="bbox 82 289 1696 330">
    <p class='ocr_par' dir='ltr' id='par_1_3' title="bbox 82 289 1696 330">
     <span class='ocr_line' id='line_1_3' title="bbox 82 289 1696 330; baseline 0.001 -11"><span class='ocrx_word' id='word_1_19' title='bbox 82 289 205 320; x_wconf 86' lang='lat' dir='ltr'><strong>heroina</strong></span> <span class='ocrx_word' id='word_1_20' title='bbox 222 290 428 330; x_wconf 88' lang='lat' dir='ltr'><strong>incomparab</strong></span> <span class='ocrx_word' id='word_1_21' title='bbox 443 290 480 320; x_wconf 88' lang='lat' dir='ltr'><strong>lis</strong></span> <span class='ocrx_word' id='word_1_22' title='bbox 498 298 562 320; x_wconf 88' lang='lat' dir='ltr'><strong>non</strong></span> <span class='ocrx_word' id='word_1_23' title='bbox 578 290 680 321; x_wconf 88' lang='lat' dir='ltr'><strong>solum</strong></span> <span class='ocrx_word' id='word_1_24' title='bbox 696 291 727 321; x_wconf 90' lang='lat' dir='ltr'><strong>in</strong></span> <span class='ocrx_word' id='word_1_25' title='bbox 743 291 857 330; x_wconf 77' lang='lat' dir='ltr'><strong>!inguis</strong></span> <span class='ocrx_word' id='word_1_26' title='bbox 871 290 988 321; x_wconf 69' lang='lat' dir='ltr'><strong>Grazcis</strong></span> <span class='ocrx_word' id='word_1_27' title='bbox 1003 290 1212 320; x_wconf 76' lang='lat' dir='ltr'><strong>eruditissima</strong></span> <span class='ocrx_word' id='word_1_28' title='bbox 1229 289 1357 328; x_wconf 79' lang='lat' dir='ltr'><strong>exstitit,</strong></span> <span class='ocrx_word' id='word_1_29' title='bbox 1369 290 1422 320; x_wconf 90' lang='lat' dir='ltr'><strong>scd</strong></span> <span class='ocrx_word' id='word_1_30' title='bbox 1438 290 1530 320; x_wconf 86' lang='lat' dir='ltr'><strong>etiam</strong></span> <span class='ocrx_word' id='word_1_31' title='bbox 1547 298 1580 320; x_wconf 81' lang='lat' dir='ltr'><strong>in</strong></span> <span class='ocrx_word' id='word_1_32' title='bbox 1601 289 1696 320; x_wconf 86' lang='lat' dir='ltr'><strong>rebus</strong></span> 
     </span>
    </p>
   </div>
   <div class='ocr_carea' id='block_1_4' title="bbox 82 336 1695 379">
    <p class='ocr_par' dir='ltr' id='par_1_4' title="bbox 82 336 1695 379">
     <span class='ocr_line' id='line_1_4' title="bbox 82 336 1695 379; baseline 0.002 -13"><span class='ocrx_word' id='word_1_33' title='bbox 82 336 232 367; x_wconf 82' lang='lat' dir='ltr'><strong>historicis</strong></span> <span class='ocrx_word' id='word_1_34' title='bbox 253 337 440 368; x_wconf 80' lang='lat' dir='ltr'><strong>domesticis</strong></span> <span class='ocrx_word' id='word_1_35' title='bbox 456 338 677 375; x_wconf 82' lang='lat' dir='ltr'><strong>versatissima,</strong></span> <span class='ocrx_word' id='word_1_36' title='bbox 694 342 725 369; x_wconf 83' lang='lat' dir='ltr'><strong>et</strong></span> <span class='ocrx_word' id='word_1_37' title='bbox 740 346 810 378; x_wconf 74' lang='lat' dir='ltr'><strong>quat</strong></span> <span class='ocrx_word' id='word_1_38' title='bbox 831 337 946 369; x_wconf 78' lang='lat' dir='ltr'><strong>studiis</strong></span> <span class='ocrx_word' id='word_1_39' title='bbox 963 340 1054 379; x_wconf 78' lang='lat' dir='ltr'><strong>(teste</strong></span> <span class='ocrx_word' id='word_1_40' title='bbox 1069 341 1190 370; x_wconf 81' lang='lat' dir='ltr'><strong>Joanne</strong></span> <span class='ocrx_word' id='word_1_41' title='bbox 1210 337 1340 378; x_wconf 85' lang='lat' dir='ltr'><strong>Zonara)</strong></span> <span class='ocrx_word' id='word_1_42' title='bbox 1360 343 1425 368; x_wconf 88' lang='lat' dir='ltr'><strong>erat</strong></span> <span class='ocrx_word' id='word_1_43' title='bbox 1437 339 1578 376; x_wconf 82' lang='lat' dir='ltr'><strong>addicta,</strong></span> <span class='ocrx_word' id='word_1_44' title='bbox 1595 344 1622 369; x_wconf 84' lang='lat' dir='ltr'><strong>et</strong></span> <span class='ocrx_word' id='word_1_45' title='bbox 1640 349 1695 369; x_wconf 73' lang='lat' dir='ltr'><strong>ea:-</strong></span> 
     </span>
    </p>
   </div>
   <div class='ocr_carea' id='block_1_5' title="bbox 81 385 1696 426">
    <p class='ocr_par' dir='ltr' id='par_1_5' title="bbox 81 385 1696 426">
     <span class='ocr_line' id='line_1_5' title="bbox 81 385 1696 426; baseline 0.002 -12"><span class='ocrx_word' id='word_1_46' title='bbox 81 386 188 424; x_wconf 81' lang='lat' dir='ltr'><strong>quisite</strong></span> <span class='ocrx_word' id='word_1_47' title='bbox 217 385 416 415; x_wconf 80' lang='lat' dir='ltr'><strong>atticissabat</strong></span> <span class='ocrx_word' id='word_1_48' title='bbox 437 390 464 415; x_wconf 86' lang='lat' dir='ltr'><strong>et</strong></span> <span class='ocrx_word' id='word_1_49' title='bbox 492 385 671 416; x_wconf 85' lang='lat' dir='ltr'><strong>acutissimo</strong></span> <span class='ocrx_word' id='word_1_50' title='bbox 696 392 764 416; x_wconf 83' lang='lat' dir='ltr'><strong>crat</strong></span> <span class='ocrx_word' id='word_1_51' title='bbox 790 387 915 425; x_wconf 84' lang='lat' dir='ltr'><strong>ingenio</strong></span> <span class='ocrx_word' id='word_1_52' title='bbox 941 388 982 418; x_wconf 87' lang='lat' dir='ltr'><strong>ad</strong></span> <span class='ocrx_word' id='word_1_53' title='bbox 1005 387 1254 418; x_wconf 81' lang='lat' dir='ltr'><strong>abstrusissimas</strong></span> <span class='ocrx_word' id='word_1_54' title='bbox 1266 397 1400 426; x_wconf 82' lang='lat' dir='ltr'><strong>quasque</strong></span> <span class='ocrx_word' id='word_1_55' title='bbox 1412 387 1696 426; x_wconf 76' lang='lat' dir='ltr'><strong>Contemplationrs.</strong></span> 
     </span>
    </p>
   </div>
   <div class='ocr_carea' id='block_1_6' title="bbox 82 434 1698 475">
    <p class='ocr_par' dir='ltr' id='par_1_6' title="bbox 82 434 1698 475">
     <span class='ocr_line' id='line_1_6' title="bbox 82 434 1698 475; baseline 0.001 -12"><span class='ocrx_word' id='word_1_56' title='bbox 82 434 205 473; x_wconf 80' lang='lat' dir='ltr'><strong>Scripsit</strong></span> <span class='ocrx_word' id='word_1_57' title='bbox 224 435 335 465; x_wconf 66' lang='lat' dir='ltr'><strong>Graece</strong></span> <span class='ocrx_word' id='word_1_58' title='bbox 352 434 414 465; x_wconf 87' lang='lat' dir='ltr'><strong>hoc</strong></span> <span class='ocrx_word' id='word_1_59' title='bbox 434 435 548 474; x_wconf 83' lang='lat' dir='ltr'><strong>ingens</strong></span> <span class='ocrx_word' id='word_1_60' title='bbox 571 436 727 466; x_wconf 84' lang='lat' dir='ltr'><strong>Musarum</strong></span> <span class='ocrx_word' id='word_1_61' title='bbox 750 436 974 475; x_wconf 85' lang='lat' dir='ltr'><strong>Chatilumque</strong></span> <span class='ocrx_word' id='word_1_62' title='bbox 997 435 1160 466; x_wconf 88' lang='lat' dir='ltr'><strong>delicium.</strong></span> <span class='ocrx_word' id='word_1_63' title='bbox 1184 436 1227 465; x_wconf 87' lang='lat' dir='ltr'><strong>De</strong></span> <span class='ocrx_word' id='word_1_64' title='bbox 1247 436 1337 465; x_wconf 78' lang='lat' dir='ltr'><strong>rebus</strong></span> <span class='ocrx_word' id='word_1_65' title='bbox 1359 435 1466 465; x_wconf 73' lang='lat' dir='ltr'><strong>Alcxii</strong></span> <span class='ocrx_word' id='word_1_66' title='bbox 1482 435 1624 473; x_wconf 76' lang='lat' dir='ltr'><strong>parentis</strong></span> <span class='ocrx_word' id='word_1_67' title='bbox 1649 435 1698 465; x_wconf 80' lang='lat' dir='ltr'><strong>sui</strong></span> 
     </span>
    </p>
   </div>
   <div class='ocr_carea' id='block_1_7' title="bbox 80 482 1699 522">
    <p class='ocr_par' dir='ltr' id='par_1_7' title="bbox 80 482 1699 522">
     <span class='ocr_line' id='line_1_7' title="bbox 80 482 1699 522; baseline 0 -10"><span class='ocrx_word' id='word_1_68' title='bbox 80 484 168 521; x_wconf 85' lang='lat' dir='ltr'><strong>gestis</strong></span> <span class='ocrx_word' id='word_1_69' title='bbox 183 483 283 513; x_wconf 78' lang='lat' dir='ltr'><strong>libros</strong></span> <span class='ocrx_word' id='word_1_70' title='bbox 300 483 365 519; x_wconf 77' lang='lat' dir='ltr'><strong>XV,</strong></span> <span class='ocrx_word' id='word_1_71' title='bbox 385 492 460 522; x_wconf 82' lang='lat' dir='ltr'><strong>quos</strong></span> <span class='ocrx_word' id='word_1_72' title='bbox 486 483 642 514; x_wconf 72' lang='lat' dir='ltr'><strong>Alemiada</strong></span> <span class='ocrx_word' id='word_1_73' title='bbox 670 485 804 514; x_wconf 85' lang='lat' dir='ltr'><strong>vocavit.</strong></span> <span class='ocrx_word' id='word_1_74' title='bbox 824 484 891 514; x_wconf 88' lang='lat' dir='ltr'><strong>Hoc</strong></span> <span class='ocrx_word' id='word_1_75' title='bbox 919 488 966 514; x_wconf 74' lang='lat' dir='ltr'><strong>est</strong></span> <span class='ocrx_word' id='word_1_76' title='bbox 989 485 1165 515; x_wconf 72' lang='lat' dir='ltr'><strong>Historiam</strong></span> <span class='ocrx_word' id='word_1_77' title='bbox 1179 483 1327 514; x_wconf 75' lang='lat' dir='ltr'><strong>Ecclesia:</strong></span> <span class='ocrx_word' id='word_1_78' title='bbox 1343 482 1699 522; x_wconf 71' lang='lat' dir='ltr'><strong>Constantinopolitanae</strong></span> 
     </span>
    </p>
   </div>
   <div class='ocr_carea' id='block_1_8' title="bbox 81 530 1698 570">
    <p class='ocr_par' dir='ltr' id='par_1_8' title="bbox 81 530 1698 570">
     <span class='ocr_line' id='line_1_8' title="bbox 81 530 1698 570; baseline 0.001 -10"><span class='ocrx_word' id='word_1_79' title='bbox 81 537 106 560; x_wconf 80' lang='grc' dir='ltr'><strong>ει</strong></span> <span class='ocrx_word' id='word_1_80' title='bbox 128 532 417 561; x_wconf 80' lang='lat' dir='ltr'><strong>controversiarum</strong></span> <span class='ocrx_word' id='word_1_81' title='bbox 439 530 605 570; x_wconf 77' lang='lat' dir='ltr'><strong>religionis</strong></span> <span class='ocrx_word' id='word_1_82' title='bbox 632 530 666 562; x_wconf 71' lang='lat' dir='ltr'><strong>in</strong></span> <span class='ocrx_word' id='word_1_83' title='bbox 693 530 906 562; x_wconf 75' lang='lat' dir='ltr'><strong>Orientalibus</strong></span> <span class='ocrx_word' id='word_1_84' title='bbox 936 532 1072 562; x_wconf 79' lang='lat' dir='ltr'><strong>ecclesiis</strong></span> <span class='ocrx_word' id='word_1_85' title='bbox 1097 537 1249 562; x_wconf 84' lang='lat' dir='ltr'><strong>ortarum.</strong></span> <span class='ocrx_word' id='word_1_86' title='bbox 1275 532 1404 562; x_wconf 72' lang='lat' dir='ltr'><strong>Exstant</strong></span> <span class='ocrx_word' id='word_1_87' title='bbox 1427 532 1500 562; x_wconf 74' lang='lat' dir='ltr'><strong>Mss.</strong></span> <span class='ocrx_word' id='word_1_88' title='bbox 1532 531 1642 561; x_wconf 50' lang='lat' dir='ltr'><strong>Romae,</strong></span> <span class='ocrx_word' id='word_1_89' title='bbox 1666 531 1698 561; x_wconf 90' lang='lat' dir='ltr'><strong>in</strong></span> 
     </span>
    </p>
   </div>
   <div class='ocr_carea' id='block_1_9' title="bbox 82 578 1697 619">
    <p class='ocr_par' dir='ltr' id='par_1_9' title="bbox 82 578 1697 619">
     <span class='ocr_line' id='line_1_9' title="bbox 82 578 1697 619; baseline -0.001 -10"><span class='ocrx_word' id='word_1_90' title='bbox 82 579 283 610; x_wconf 87' lang='lat' dir='ltr'><strong>celeberrima</strong></span> <span class='ocrx_word' id='word_1_91' title='bbox 306 578 497 610; x_wconf 84' lang='lat' dir='ltr'><strong>bibliotheca</strong></span> <span class='ocrx_word' id='word_1_92' title='bbox 514 579 754 610; x_wconf 83' lang='lat' dir='ltr'><strong>eminentissimi</strong></span> <span class='ocrx_word' id='word_1_93' title='bbox 772 579 923 619; x_wconf 85' lang='lat' dir='ltr'><strong>principis</strong></span> <span class='ocrx_word' id='word_1_94' title='bbox 936 580 1091 610; x_wconf 82' lang='lat' dir='ltr'><strong>Francisci</strong></span> <span class='ocrx_word' id='word_1_95' title='bbox 1111 580 1270 611; x_wconf 86' lang='lat' dir='ltr'><strong>Barberini</strong></span> <span class='ocrx_word' id='word_1_96' title='bbox 1286 580 1318 610; x_wconf 92' lang='lat' dir='ltr'><strong>S.</strong></span> <span class='ocrx_word' id='word_1_97' title='bbox 1333 581 1370 610; x_wconf 71' lang='grc' dir='ltr'><strong>Β.</strong></span> <span class='ocrx_word' id='word_1_98' title='bbox 1387 580 1421 609; x_wconf 86' lang='grc' dir='ltr'><strong>Ε.</strong></span> <span class='ocrx_word' id='word_1_99' title='bbox 1438 579 1616 615; x_wconf 86' lang='lat' dir='ltr'><strong>cardinalis,</strong></span> <span class='ocrx_word' id='word_1_100' title='bbox 1634 581 1697 608; x_wconf 81' lang='lat' dir='ltr'><strong>Au-</strong></span> 
     </span>
    </p>
   </div>
   <div class='ocr_carea' id='block_1_10' title="bbox 82 626 1699 666">
    <p class='ocr_par' dir='ltr' id='par_1_10' title="bbox 82 626 1699 666">
     <span class='ocr_line' id='line_1_10' title="bbox 82 626 1699 666; baseline 0.001 -10"><span class='ocrx_word' id='word_1_101' title='bbox 82 631 171 666; x_wconf 69' lang='lat' dir='ltr'><strong>gustae</strong></span> <span class='ocrx_word' id='word_1_102' title='bbox 185 626 421 657; x_wconf 82' lang='lat' dir='ltr'><strong>Vindulicorum</strong></span> <span class='ocrx_word' id='word_1_103' title='bbox 433 626 462 656; x_wconf 88' lang='lat' dir='ltr'><strong>in</strong></span> <span class='ocrx_word' id='word_1_104' title='bbox 475 627 666 658; x_wconf 83' lang='lat' dir='ltr'><strong>bibliotheca</strong></span> <span class='ocrx_word' id='word_1_105' title='bbox 680 627 815 665; x_wconf 88' lang='lat' dir='ltr'><strong>publica,</strong></span> <span class='ocrx_word' id='word_1_106' title='bbox 833 627 1002 658; x_wconf 65' lang='lat' dir='ltr'><strong>Florentius</strong></span> <span class='ocrx_word' id='word_1_107' title='bbox 1016 628 1047 658; x_wconf 92' lang='lat' dir='ltr'><strong>in</strong></span> <span class='ocrx_word' id='word_1_108' title='bbox 1062 628 1368 664; x_wconf 71' lang='lat' dir='ltr'><strong>Sail-Laurentiano;</strong></span> <span class='ocrx_word' id='word_1_109' title='bbox 1383 631 1414 658; x_wconf 88' lang='lat' dir='ltr'><strong>et</strong></span> <span class='ocrx_word' id='word_1_110' title='bbox 1433 628 1525 658; x_wconf 80' lang='lat' dir='ltr'><strong>etiam</strong></span> <span class='ocrx_word' id='word_1_111' title='bbox 1545 627 1578 658; x_wconf 89' lang='lat' dir='ltr'><strong>in</strong></span> <span class='ocrx_word' id='word_1_112' title='bbox 1605 627 1699 658; x_wconf 87' lang='lat' dir='ltr'><strong>variis</strong></span> 
     </span>
    </p>
   </div>
   <div class='ocr_carea' id='block_1_11' title="bbox 85 674 1700 715">
    <p class='ocr_par' dir='ltr' id='par_1_11' title="bbox 85 674 1700 715">
     <span class='ocr_line' id='line_1_11' title="bbox 85 674 1700 715; baseline 0.001 -11"><span class='ocrx_word' id='word_1_113' title='bbox 85 675 171 704; x_wconf 70' lang='lat' dir='ltr'><strong>Italian</strong></span> <span class='ocrx_word' id='word_1_114' title='bbox 194 674 408 705; x_wconf 88' lang='lat' dir='ltr'><strong>bibliothecis.</strong></span> <span class='ocrx_word' id='word_1_115' title='bbox 427 674 515 704; x_wconf 89' lang='lat' dir='ltr'><strong>Libri</strong></span> <span class='ocrx_word' id='word_1_116' title='bbox 526 676 624 714; x_wconf 82' lang='lat' dir='ltr'><strong>primi</strong></span> <span class='ocrx_word' id='word_1_117' title='bbox 639 680 706 705; x_wconf 79' lang='lat' dir='ltr'><strong>octo</strong></span> <span class='ocrx_word' id='word_1_118' title='bbox 721 675 919 715; x_wconf 88' lang='lat' dir='ltr'><strong>prodierunt,</strong></span> <span class='ocrx_word' id='word_1_119' title='bbox 939 677 1081 714; x_wconf 69' lang='lat' dir='ltr'><strong>Augustae</strong></span> <span class='ocrx_word' id='word_1_120' title='bbox 1096 676 1343 712; x_wconf 86' lang='lat' dir='ltr'><strong>Vindelicorum,</strong></span> <span class='ocrx_word' id='word_1_121' title='bbox 1366 674 1454 712; x_wconf 87' lang='grc'>1618,</span> <span class='ocrx_word' id='word_1_122' title='bbox 1470 675 1500 705; x_wconf 91' lang='lat' dir='ltr'><strong>in</strong></span> <span class='ocrx_word' id='word_1_123' title='bbox 1516 675 1630 712; x_wconf 79' lang='lat' dir='ltr'><strong>4°,cum</strong></span> <span class='ocrx_word' id='word_1_124' title='bbox 1643 683 1700 705; x_wconf 87' lang='lat' dir='ltr'><strong>uo-</strong></span> 
     </span>
    </p>
   </div>
   <div class='ocr_carea' id='block_1_12' title="bbox 81 721 1698 761">
    <p class='ocr_par' dir='ltr' id='par_1_12' title="bbox 81 721 1698 761">
     <span class='ocr_line' id='line_1_12' title="bbox 81 721 1698 761; baseline 0.001 -10"><span class='ocrx_word' id='word_1_125' title='bbox 81 722 115 751; x_wconf 89' lang='lat' dir='ltr'><strong>tis</strong></span> <span class='ocrx_word' id='word_1_126' title='bbox 128 721 254 752; x_wconf 88' lang='lat' dir='ltr'><strong>Davidis</strong></span> <span class='ocrx_word' id='word_1_127' title='bbox 273 721 463 752; x_wconf 85' lang='lat' dir='ltr'><strong>Hoeschelii.</strong></span> <span class='ocrx_word' id='word_1_128' title='bbox 484 723 598 752; x_wconf 81' lang='lat' dir='ltr'><strong>Omnes</strong></span> <span class='ocrx_word' id='word_1_129' title='bbox 630 731 702 752; x_wconf 87' lang='lat' dir='ltr'><strong>vero</strong></span> <span class='ocrx_word' id='word_1_130' title='bbox 726 731 809 753; x_wconf 92' lang='lat' dir='ltr'><strong>nunc</strong></span> <span class='ocrx_word' id='word_1_131' title='bbox 827 722 1016 761; x_wconf 88' lang='lat' dir='ltr'><strong>prodeunte</strong></span> <span class='ocrx_word' id='word_1_132' title='bbox 1037 722 1227 753; x_wconf 78' lang='lat' dir='ltr'><strong>bibliotheca</strong></span> <span class='ocrx_word' id='word_1_133' title='bbox 1251 723 1427 759; x_wconf 77' lang='lat' dir='ltr'><strong>Barberina,</strong></span> <span class='ocrx_word' id='word_1_134' title='bbox 1459 723 1586 752; x_wconf 75' lang='lat' dir='ltr'><strong>Lutetize</strong></span> <span class='ocrx_word' id='word_1_135' title='bbox 1611 723 1698 752; x_wconf 86' lang='lat' dir='ltr'><strong>Pari—</strong></span> 
     </span>
    </p>
   </div>
   <div class='ocr_carea' id='block_1_13' title="bbox 82 769 1698 809">
    <p class='ocr_par' dir='ltr' id='par_1_13' title="bbox 82 769 1698 809">
     <span class='ocr_line' id='line_1_13' title="bbox 82 769 1698 809; baseline 0.001 -10"><span class='ocrx_word' id='word_1_136' title='bbox 82 770 206 805; x_wconf 83' lang='lat' dir='ltr'><strong>siorum,</strong></span> <span class='ocrx_word' id='word_1_137' title='bbox 226 770 311 806; x_wconf 81' lang='lat' dir='ltr'><strong>typis</strong></span> <span class='ocrx_word' id='word_1_138' title='bbox 328 769 433 807; x_wconf 77' lang='lat' dir='ltr'><strong>regiis,</strong></span> <span class='ocrx_word' id='word_1_139' title='bbox 448 769 536 806; x_wconf 77' lang='grc'>1651,</span> <span class='ocrx_word' id='word_1_140' title='bbox 556 770 589 800; x_wconf 86' lang='lat' dir='ltr'><strong>in</strong></span> <span class='ocrx_word' id='word_1_141' title='bbox 602 769 693 807; x_wconf 85' lang='lat' dir='ltr'><strong>folio,</strong></span> <span class='ocrx_word' id='word_1_142' title='bbox 710 779 781 802; x_wconf 88' lang='lat' dir='ltr'><strong>cum</strong></span> <span class='ocrx_word' id='word_1_143' title='bbox 796 771 930 809; x_wconf 65' lang='lat' dir='ltr'><strong>eleganti</strong></span> <span class='ocrx_word' id='word_1_144' title='bbox 947 771 1090 800; x_wconf 85' lang='lat' dir='ltr'><strong>versione</strong></span> <span class='ocrx_word' id='word_1_145' title='bbox 1112 770 1230 806; x_wconf 82' lang='lat' dir='ltr'><strong>Latina,</strong></span> <span class='ocrx_word' id='word_1_146' title='bbox 1248 770 1420 803; x_wconf 84' lang='lat' dir='ltr'><strong>Glossario.</strong></span> <span class='ocrx_word' id='word_1_147' title='bbox 1447 779 1482 800; x_wconf 92' lang='lat' dir='ltr'><strong>ac</strong></span> <span class='ocrx_word' id='word_1_148' title='bbox 1512 770 1698 800; x_wconf 71' lang='lat' dir='ltr'><strong>Prtefationc</strong></span> 
     </span>
    </p>
   </div>
   <div class='ocr_carea' id='block_1_14' title="bbox 83 817 1698 858">
    <p class='ocr_par' dir='ltr' id='par_1_14' title="bbox 83 817 1698 858">
     <span class='ocr_line' id='line_1_14' title="bbox 83 817 1698 858; baseline 0.001 -12"><span class='ocrx_word' id='word_1_149' title='bbox 83 818 113 847; x_wconf 79' lang='lat' dir='ltr'><strong>lt.</strong></span> <span class='ocrx_word' id='word_1_150' title='bbox 130 819 162 847; x_wconf 89' lang='lat' dir='ltr'><strong>P.</strong></span> <span class='ocrx_word' id='word_1_151' title='bbox 182 818 265 848; x_wconf 87' lang='lat' dir='ltr'><strong>Petri</strong></span> <span class='ocrx_word' id='word_1_152' title='bbox 284 819 418 855; x_wconf 89' lang='lat' dir='ltr'><strong>Possini,</strong></span> <span class='ocrx_word' id='word_1_153' title='bbox 445 819 602 849; x_wconf 74' lang='lat' dir='ltr'><strong>societatis</strong></span> <span class='ocrx_word' id='word_1_154' title='bbox 616 820 701 854; x_wconf 86' lang='lat' dir='ltr'><strong>Jesu,</strong></span> <span class='ocrx_word' id='word_1_155' title='bbox 725 819 865 857; x_wconf 73' lang='lat' dir='ltr'><strong>theologi</strong></span> <span class='ocrx_word' id='word_1_156' title='bbox 899 818 1002 855; x_wconf 73' lang='lat' dir='ltr'><strong>magni</strong></span> <span class='ocrx_word' id='word_1_157' title='bbox 1022 818 1169 848; x_wconf 86' lang='lat' dir='ltr'><strong>nominis.</strong></span> <span class='ocrx_word' id='word_1_158' title='bbox 1195 818 1298 848; x_wconf 80' lang='lat' dir='ltr'><strong>Multa</strong></span> <span class='ocrx_word' id='word_1_159' title='bbox 1315 827 1387 848; x_wconf 72' lang='lat' dir='ltr'><strong>vero</strong></span> <span class='ocrx_word' id='word_1_160' title='bbox 1406 817 1519 858; x_wconf 89' lang='lat' dir='ltr'><strong>(inquit</strong></span> <span class='ocrx_word' id='word_1_161' title='bbox 1542 818 1698 849; x_wconf 80' lang='lat' dir='ltr'><strong>Gerardus</strong></span> 
     </span>
    </p>
   </div>
   <div class='ocr_carea' id='block_1_15' title="bbox 81 865 1699 905">
    <p class='ocr_par' dir='ltr' id='par_1_15' title="bbox 81 865 1699 905">
     <span class='ocr_line' id='line_1_15' title="bbox 81 865 1699 905; baseline 0.001 -11"><span class='ocrx_word' id='word_1_162' title='bbox 81 866 213 895; x_wconf 80' lang='lat' dir='ltr'><strong>Joannes</strong></span> <span class='ocrx_word' id='word_1_163' title='bbox 240 866 381 903; x_wconf 82' lang='lat' dir='ltr'><strong>Vossius,</strong></span> <span class='ocrx_word' id='word_1_164' title='bbox 412 866 492 896; x_wconf 90' lang='lat' dir='ltr'><strong>libro</strong></span> <span class='ocrx_word' id='word_1_165' title='bbox 517 866 659 896; x_wconf 85' lang='lat' dir='ltr'><strong>secundo</strong></span> <span class='ocrx_word' id='word_1_166' title='bbox 688 867 731 896; x_wconf 86' lang='lat' dir='ltr'><strong>De</strong></span> <span class='ocrx_word' id='word_1_167' title='bbox 753 866 911 896; x_wconf 75' lang='lat' dir='ltr'><strong>historicis</strong></span> <span class='ocrx_word' id='word_1_168' title='bbox 927 866 1054 902; x_wconf 61' lang='lat' dir='ltr'><strong>Grecis,</strong></span> <span class='ocrx_word' id='word_1_169' title='bbox 1072 874 1141 905; x_wconf 87' lang='lat' dir='ltr'><strong>cap.</strong></span> <span class='ocrx_word' id='word_1_170' title='bbox 1159 865 1207 904; x_wconf 76' lang='grc'><strong>27)</strong></span> <span class='ocrx_word' id='word_1_171' title='bbox 1226 866 1262 895; x_wconf 84' lang='lat' dir='ltr'><strong>de</strong></span> <span class='ocrx_word' id='word_1_172' title='bbox 1276 870 1407 905; x_wconf 84' lang='lat' dir='ltr'><strong>parente</strong></span> <span class='ocrx_word' id='word_1_173' title='bbox 1422 875 1477 895; x_wconf 83' lang='lat' dir='ltr'><strong>suo</strong></span> <span class='ocrx_word' id='word_1_174' title='bbox 1496 865 1586 905; x_wconf 83' lang='lat' dir='ltr'><strong>longe</strong></span> <span class='ocrx_word' id='word_1_175' title='bbox 1604 865 1699 895; x_wconf 76' lang='lat' dir='ltr'><strong>aliter</strong></span> 
     </span>
    </p>
   </div>
   <div class='ocr_carea' id='block_1_16' title="bbox 83 913 1696 953">
    <p class='ocr_par' dir='ltr' id='par_1_16' title="bbox 83 913 1696 953">
     <span class='ocr_line' id='line_1_16' title="bbox 83 913 1696 953; baseline 0 -11"><span class='ocrx_word' id='word_1_176' title='bbox 83 918 197 949; x_wconf 85' lang='lat' dir='ltr'><strong>narrat,</strong></span> <span class='ocrx_word' id='word_1_177' title='bbox 232 923 326 953; x_wconf 88' lang='lat' dir='ltr'><strong>quam</strong></span> <span class='ocrx_word' id='word_1_178' title='bbox 357 914 463 943; x_wconf 79' lang='lat' dir='ltr'><strong>Latini</strong></span> <span class='ocrx_word' id='word_1_179' title='bbox 490 913 590 944; x_wconf 78' lang='lat' dir='ltr'><strong>solent</strong></span> <span class='ocrx_word' id='word_1_180' title='bbox 616 922 626 942; x_wconf 89' lang='lat'><strong><em>:</em></strong></span> <span class='ocrx_word' id='word_1_181' title='bbox 655 915 709 953; x_wconf 83' lang='lat' dir='ltr'><strong>qui</strong></span> <span class='ocrx_word' id='word_1_182' title='bbox 738 923 841 943; x_wconf 79' lang='lat' dir='ltr'><strong>omnes</strong></span> <span class='ocrx_word' id='word_1_183' title='bbox 871 923 979 952; x_wconf 86' lang='lat' dir='ltr'><strong>prope,</strong></span> <span class='ocrx_word' id='word_1_184' title='bbox 1011 914 1038 943; x_wconf 87' lang='lat' dir='ltr'><strong>si</strong></span> <span class='ocrx_word' id='word_1_185' title='bbox 1061 922 1157 942; x_wconf 84' lang='lat' dir='ltr'><strong>unum</strong></span> <span class='ocrx_word' id='word_1_186' title='bbox 1193 915 1334 952; x_wconf 59' lang='lat' dir='ltr'><strong>corripias</strong></span> <span class='ocrx_word' id='word_1_187' title='bbox 1367 913 1540 949; x_wconf 84' lang='lat' dir='ltr'><strong>Albertum,</strong></span> <span class='ocrx_word' id='word_1_188' title='bbox 1567 914 1696 943; x_wconf 85' lang='lat' dir='ltr'><strong>canoni-</strong></span> 
     </span>
    </p>
   </div>
   <div class='ocr_carea' id='block_1_17' title="bbox 82 960 1695 1001">
    <p class='ocr_par' dir='ltr' id='par_1_17' title="bbox 82 960 1695 1001">
     <span class='ocr_line' id='line_1_17' title="bbox 82 960 1695 1001; baseline 0.001 -11"><span class='ocrx_word' id='word_1_189' title='bbox 82 970 141 990; x_wconf 81' lang='lat' dir='ltr'><strong>cum</strong></span> <span class='ocrx_word' id='word_1_190' title='bbox 166 963 354 1000; x_wconf 79' lang='lat' dir='ltr'><strong>Aquensem,</strong></span> <span class='ocrx_word' id='word_1_191' title='bbox 376 962 527 992; x_wconf 66' lang='lat' dir='ltr'><strong>Caesarem</strong></span> <span class='ocrx_word' id='word_1_192' title='bbox 549 971 617 991; x_wconf 85' lang='lat' dir='ltr'><strong>eum</strong></span> <span class='ocrx_word' id='word_1_193' title='bbox 639 961 831 998; x_wconf 85' lang='lat' dir='ltr'><strong>describunt,</strong></span> <span class='ocrx_word' id='word_1_194' title='bbox 858 964 1004 1001; x_wconf 72' lang='lat' dir='ltr'><strong>tanquam</strong></span> <span class='ocrx_word' id='word_1_195' title='bbox 1026 960 1179 991; x_wconf 83' lang='lat' dir='ltr'><strong>hominem</strong></span> <span class='ocrx_word' id='word_1_196' title='bbox 1201 961 1438 999; x_wconf 79' lang='lat' dir='ltr'><strong>fraudulentum</strong></span> <span class='ocrx_word' id='word_1_197' title='bbox 1478 970 1514 991; x_wconf 91' lang='lat' dir='ltr'><strong>ac</strong></span> <span class='ocrx_word' id='word_1_198' title='bbox 1531 962 1695 1001; x_wconf 82' lang='lat' dir='ltr'><strong>perﬁdum.</strong></span> 
     </span>
    </p>
   </div>
   <div class='ocr_carea' id='block_1_18' title="bbox 83 1004 1698 1049">
    <p class='ocr_par' dir='ltr' id='par_1_18' title="bbox 83 1004 1698 1049">
     <span class='ocr_line' id='line_1_18' title="bbox 83 1004 1698 1049; baseline -0.001 -10"><span class='ocrx_word' id='word_1_199' title='bbox 83 1010 136 1040; x_wconf 82' lang='lat' dir='ltr'><strong>Sed</strong></span> <span class='ocrx_word' id='word_1_200' title='bbox 150 1010 229 1040; x_wconf 83' lang='lat' dir='ltr'><strong>satis</strong></span> <span class='ocrx_word' id='word_1_201' title='bbox 245 1009 414 1040; x_wconf 79' lang='lat' dir='ltr'><strong>verisimile</strong></span> <span class='ocrx_word' id='word_1_202' title='bbox 431 1014 487 1047; x_wconf 84' lang='lat' dir='ltr'><strong>est,</strong></span> <span class='ocrx_word' id='word_1_203' title='bbox 502 1014 567 1040; x_wconf 86' lang='lat' dir='ltr'><strong>tum</strong></span> <span class='ocrx_word' id='word_1_204' title='bbox 590 1010 719 1041; x_wconf 82' lang='lat' dir='ltr'><strong>Latinos</strong></span> <span class='ocrx_word' id='word_1_205' title='bbox 732 1020 787 1041; x_wconf 75' lang='lat' dir='ltr'><strong>suo</strong></span> <span class='ocrx_word' id='word_1_206' title='bbox 808 1011 882 1049; x_wconf 75' lang='lat' dir='ltr'><strong>ergo</strong></span> <span class='ocrx_word' id='word_1_207' title='bbox 904 1004 1044 1040; x_wconf 79' lang='lat' dir='ltr'><strong>ercum</strong></span> <span class='ocrx_word' id='word_1_208' title='bbox 1066 1010 1284 1048; x_wconf 82' lang='lat' dir='ltr'><strong>imperatorem</strong></span> <span class='ocrx_word' id='word_1_209' title='bbox 1306 1009 1390 1045; x_wconf 88' lang='lat' dir='ltr'><strong>odio,</strong></span> <span class='ocrx_word' id='word_1_210' title='bbox 1414 1013 1478 1038; x_wconf 86' lang='lat' dir='ltr'><strong>tum</strong></span> <span class='ocrx_word' id='word_1_211' title='bbox 1497 1008 1594 1048; x_wconf 84' lang='lat' dir='ltr'><strong>ﬁliam</strong></span> <span class='ocrx_word' id='word_1_212' title='bbox 1609 1010 1698 1039; x_wconf 80' lang='lat' dir='ltr'><strong>Con.-</strong></span> 
     </span>
    </p>
   </div>
   <div class='ocr_carea' id='block_1_19' title="bbox 82 1057 1694 1098">
    <p class='ocr_par' dir='ltr' id='par_1_19' title="bbox 82 1057 1694 1098">
     <span class='ocr_line' id='line_1_19' title="bbox 82 1057 1694 1098; baseline 0.001 -11"><span class='ocrx_word' id='word_1_213' title='bbox 82 1067 185 1088; x_wconf 84' lang='lat' dir='ltr'><strong>nenam</strong></span> <span class='ocrx_word' id='word_1_214' title='bbox 201 1059 306 1089; x_wconf 81' lang='lat' dir='ltr'><strong>amori</strong></span> <span class='ocrx_word' id='word_1_215' title='bbox 319 1063 522 1097; x_wconf 81' lang='lat' dir='ltr'><strong>crgapatrem</strong></span> <span class='ocrx_word' id='word_1_216' title='bbox 537 1067 605 1094; x_wconf 78' lang='lat' dir='ltr'><strong>suo,</strong></span> <span class='ocrx_word' id='word_1_217' title='bbox 622 1057 782 1098; x_wconf 81' lang='lat' dir='ltr'><strong>aliquanto</strong></span> <span class='ocrx_word' id='word_1_218' title='bbox 802 1058 936 1097; x_wconf 80' lang='lat' dir='ltr'><strong>amplius</strong></span> <span class='ocrx_word' id='word_1_219' title='bbox 950 1059 1127 1095; x_wconf 79' lang='lat' dir='ltr'><strong>indulsisse,</strong></span> <span class='ocrx_word' id='word_1_220' title='bbox 1149 1068 1240 1098; x_wconf 88' lang='lat' dir='ltr'><strong>quam</strong></span> <span class='ocrx_word' id='word_1_221' title='bbox 1256 1067 1312 1098; x_wconf 85' lang='lat' dir='ltr'><strong>per</strong></span> <span class='ocrx_word' id='word_1_222' title='bbox 1324 1058 1404 1098; x_wconf 79' lang='lat' dir='ltr'><strong>leges</strong></span> <span class='ocrx_word' id='word_1_223' title='bbox 1419 1059 1557 1090; x_wconf 73' lang='lat' dir='ltr'><strong>historia</strong></span> <span class='ocrx_word' id='word_1_224' title='bbox 1576 1059 1694 1090; x_wconf 75' lang='lat' dir='ltr'><strong>liceret.</strong></span> 
     </span>
    </p>
   </div>
   <div class='ocr_carea' id='block_1_20' title="bbox 83 1105 1695 1146">
    <p class='ocr_par' dir='ltr' id='par_1_20' title="bbox 83 1105 1695 1146">
     <span class='ocr_line' id='line_1_20' title="bbox 83 1105 1695 1146; baseline 0.002 -11"><span class='ocrx_word' id='word_1_225' title='bbox 83 1106 161 1136; x_wconf 78' lang='lat' dir='ltr'><strong>lianc</strong></span> <span class='ocrx_word' id='word_1_226' title='bbox 193 1105 378 1136; x_wconf 70' lang='lat' dir='ltr'><strong>Alexiadem</strong></span> <span class='ocrx_word' id='word_1_227' title='bbox 409 1106 600 1137; x_wconf 84' lang='lat' dir='ltr'><strong>continuavit</strong></span> <span class='ocrx_word' id='word_1_228' title='bbox 638 1107 778 1137; x_wconf 81' lang='lat' dir='ltr'><strong>Joannes</strong></span> <span class='ocrx_word' id='word_1_229' title='bbox 793 1106 972 1143; x_wconf 85' lang='lat' dir='ltr'><strong>Sinnamus,</strong></span> <span class='ocrx_word' id='word_1_230' title='bbox 999 1107 1104 1146; x_wconf 69' lang='lat' dir='ltr'><strong>regius</strong></span> <span class='ocrx_word' id='word_1_231' title='bbox 1127 1107 1358 1145; x_wconf 81' lang='lat' dir='ltr'><strong>grammaticus,</strong></span> <span class='ocrx_word' id='word_1_232' title='bbox 1386 1114 1456 1146; x_wconf 73' lang='lat' dir='ltr'><strong>quin</strong></span> <span class='ocrx_word' id='word_1_233' title='bbox 1485 1115 1568 1137; x_wconf 89' lang='lat' dir='ltr'><strong>nunc</strong></span> <span class='ocrx_word' id='word_1_234' title='bbox 1594 1107 1695 1138; x_wconf 77' lang='lat' dir='ltr'><strong>lucum</strong></span> 
     </span>
    </p>
   </div>
   <div class='ocr_carea' id='block_1_21' title="bbox 82 1152 1243 1194">
    <p class='ocr_par' dir='ltr' id='par_1_21' title="bbox 82 1152 1243 1194">
     <span class='ocr_line' id='line_1_21' title="bbox 82 1152 1243 1194; baseline 0 -10"><span class='ocrx_word' id='word_1_235' title='bbox 82 1154 197 1194; x_wconf 76' lang='lat' dir='ltr'><strong>aspexit</strong></span> <span class='ocrx_word' id='word_1_236' title='bbox 221 1162 238 1185; x_wconf 92' lang='lat' dir='ltr'><strong>e</strong></span> <span class='ocrx_word' id='word_1_237' title='bbox 254 1154 364 1184; x_wconf 82' lang='lat' dir='ltr'><strong>codice</strong></span> <span class='ocrx_word' id='word_1_238' title='bbox 381 1154 531 1185; x_wconf 83' lang='lat' dir='ltr'><strong>Vaticano</strong></span> <span class='ocrx_word' id='word_1_239' title='bbox 548 1152 616 1191; x_wconf 84' lang='lat'><strong>319,</strong></span> <span class='ocrx_word' id='word_1_240' title='bbox 638 1163 710 1185; x_wconf 89' lang='lat' dir='ltr'><strong>cum</strong></span> <span class='ocrx_word' id='word_1_241' title='bbox 727 1154 873 1184; x_wconf 84' lang='lat' dir='ltr'><strong>versione</strong></span> <span class='ocrx_word' id='word_1_242' title='bbox 891 1158 922 1185; x_wconf 89' lang='lat' dir='ltr'><strong>et</strong></span> <span class='ocrx_word' id='word_1_243' title='bbox 944 1156 1028 1185; x_wconf 89' lang='lat' dir='ltr'><strong>nolis</strong></span> <span class='ocrx_word' id='word_1_244' title='bbox 1045 1155 1075 1185; x_wconf 82' lang='lat' dir='ltr'><strong>P.</strong></span> <span class='ocrx_word' id='word_1_245' title='bbox 1106 1154 1243 1185; x_wconf 84' lang='lat' dir='ltr'><strong>Possini.</strong></span> 
     </span>
    </p>
   </div>
   <div class='ocr_carea' id='block_1_22' title="bbox 118 1201 1014 1235">
    <p class='ocr_par' dir='ltr' id='par_1_22' title="bbox 118 1201 1014 1235">
     <span class='ocr_line' id='line_1_22' title="bbox 118 1201 1014 1235; baseline -0.001 -1"><span class='ocrx_word' id='word_1_246' title='bbox 118 1205 235 1235; x_wconf 86' lang='lat' dir='ltr'><strong>Claruit</strong></span> <span class='ocrx_word' id='word_1_247' title='bbox 249 1204 332 1235; x_wconf 85' lang='lat' dir='ltr'><strong>circa</strong></span> <span class='ocrx_word' id='word_1_248' title='bbox 350 1211 469 1235; x_wconf 88' lang='lat' dir='ltr'><strong>annum</strong></span> <span class='ocrx_word' id='word_1_249' title='bbox 487 1203 716 1235; x_wconf 81' lang='lat' dir='ltr'><strong>Incarnationis</strong></span> <span class='ocrx_word' id='word_1_250' title='bbox 734 1203 904 1235; x_wconf 56' lang='lat' dir='ltr'><strong>Dominlcat</strong></span> <span class='ocrx_word' id='word_1_251' title='bbox 929 1201 1014 1234; x_wconf 87' lang='lat'><strong>1130.</strong></span> 
     </span>
    </p>
   </div>
   <div class='ocr_carea' id='block_1_23' title="bbox 119 1250 1696 1291">
    <p class='ocr_par' dir='ltr' id='par_1_23' title="bbox 119 1250 1696 1291">
     <span class='ocr_line' id='line_1_23' title="bbox 119 1250 1696 1291; baseline -0.002 -8"><span class='ocrx_word' id='word_1_252' title='bbox 119 1253 160 1283; x_wconf 92' lang='lat' dir='ltr'><strong>De</strong></span> <span class='ocrx_word' id='word_1_253' title='bbox 176 1254 277 1283; x_wconf 81' lang='lat' dir='ltr'><strong>Annae</strong></span> <span class='ocrx_word' id='word_1_254' title='bbox 292 1253 460 1282; x_wconf 69' lang='lat' dir='ltr'><strong>Comncnm</strong></span> <span class='ocrx_word' id='word_1_255' title='bbox 479 1252 625 1282; x_wconf 80' lang='lat' dir='ltr'><strong>laudibus</strong></span> <span class='ocrx_word' id='word_1_256' title='bbox 645 1257 675 1282; x_wconf 88' lang='lat' dir='ltr'><strong>et</strong></span> <span class='ocrx_word' id='word_1_257' title='bbox 691 1252 817 1291; x_wconf 86' lang='lat' dir='ltr'><strong>scriptis</strong></span> <span class='ocrx_word' id='word_1_258' title='bbox 843 1251 992 1291; x_wconf 64' lang='lat' dir='ltr'><strong>praeclara</strong></span> <span class='ocrx_word' id='word_1_259' title='bbox 1011 1250 1148 1281; x_wconf 85' lang='lat' dir='ltr'><strong>reddunt</strong></span> <span class='ocrx_word' id='word_1_260' title='bbox 1173 1250 1365 1285; x_wconf 86' lang='lat' dir='ltr'><strong>testimonia,</strong></span> <span class='ocrx_word' id='word_1_261' title='bbox 1387 1251 1525 1280; x_wconf 79' lang='lat' dir='ltr'><strong>Joannes</strong></span> <span class='ocrx_word' id='word_1_262' title='bbox 1548 1250 1696 1286; x_wconf 79' lang='lat' dir='ltr'><strong>Zonaras,</strong></span> 
     </span>
    </p>
   </div>
   <div class='ocr_carea' id='block_1_24' title="bbox 83 1297 1695 1338">
    <p class='ocr_par' dir='ltr' id='par_1_24' title="bbox 83 1297 1695 1338">
     <span class='ocr_line' id='line_1_24' title="bbox 83 1297 1695 1338; baseline -0.002 -7"><span class='ocrx_word' id='word_1_263' title='bbox 83 1300 252 1331; x_wconf 86' lang='lat' dir='ltr'><strong>monachus</strong></span> <span class='ocrx_word' id='word_1_264' title='bbox 276 1301 413 1338; x_wconf 59' lang='lat' dir='ltr'><strong>Graecus,</strong></span> <span class='ocrx_word' id='word_1_265' title='bbox 446 1304 532 1331; x_wconf 85' lang='lat' dir='ltr'><strong>tomo</strong></span> <span class='ocrx_word' id='word_1_266' title='bbox 551 1300 595 1331; x_wconf 81' lang='lat' dir='ltr'><strong>Ill</strong></span> <span class='ocrx_word' id='word_1_267' title='bbox 625 1301 776 1332; x_wconf 77' lang='lat' dir='ltr'><strong>Historiw</strong></span> <span class='ocrx_word' id='word_1_268' title='bbox 791 1299 968 1336; x_wconf 68' lang='lat' dir='ltr'><strong>Catholica,</strong></span> <span class='ocrx_word' id='word_1_269' title='bbox 985 1307 1057 1338; x_wconf 81' lang='lat' dir='ltr'><strong>pag.</strong></span> <span class='ocrx_word' id='word_1_270' title='bbox 1075 1298 1151 1329; x_wconf 88' lang='lat' dir='ltr'><strong>mihi</strong></span> <span class='ocrx_word' id='word_1_271' title='bbox 1174 1297 1252 1335; x_wconf 73' lang='lat'><strong>242;</strong></span> <span class='ocrx_word' id='word_1_272' title='bbox 1276 1315 1313 1320; x_wconf 89' lang='lat'><strong>—</strong></span> <span class='ocrx_word' id='word_1_273' title='bbox 1337 1297 1498 1329; x_wconf 80' lang='lat' dir='ltr'><strong>Conradus</strong></span> <span class='ocrx_word' id='word_1_274' title='bbox 1525 1299 1695 1334; x_wconf 85' lang='lat' dir='ltr'><strong>Gesncrus,</strong></span> 
     </span>
    </p>
   </div>
   <div class='ocr_carea' id='block_1_25' title="bbox 82 1341 1696 1388">
    <p class='ocr_par' dir='ltr' id='par_1_25' title="bbox 82 1341 1696 1388">
     <span class='ocr_line' id='line_1_25' title="bbox 82 1341 1696 1388; baseline -0.001 -8"><span class='ocrx_word' id='word_1_275' title='bbox 82 1350 246 1388; x_wconf 84' lang='lat' dir='ltr'><strong>Tigurinus</strong></span> <span class='ocrx_word' id='word_1_276' title='bbox 277 1349 429 1386; x_wconf 84' lang='lat' dir='ltr'><strong>medicus,</strong></span> <span class='ocrx_word' id='word_1_277' title='bbox 446 1349 479 1379; x_wconf 89' lang='lat' dir='ltr'><strong>in</strong></span> <span class='ocrx_word' id='word_1_278' title='bbox 494 1347 690 1379; x_wconf 78' lang='lat' dir='ltr'><strong>Bibliotheca</strong></span> <span class='ocrx_word' id='word_1_279' title='bbox 702 1341 893 1382; x_wconf 76' lang='lat' dir='ltr'><strong>universali,-</strong></span> <span class='ocrx_word' id='word_1_280' title='bbox 909 1365 946 1370; x_wconf 89' lang='lat'><strong>-—</strong></span> <span class='ocrx_word' id='word_1_281' title='bbox 965 1347 1119 1377; x_wconf 81' lang='lat' dir='ltr'><strong>Antonius</strong></span> <span class='ocrx_word' id='word_1_282' title='bbox 1143 1346 1345 1382; x_wconf 77' lang='lat' dir='ltr'><strong>Posse&#39;vinUS,</strong></span> <span class='ocrx_word' id='word_1_283' title='bbox 1363 1347 1562 1383; x_wconf 85' lang='lat' dir='ltr'><strong>Mantuanus,</strong></span> <span class='ocrx_word' id='word_1_284' title='bbox 1583 1354 1648 1377; x_wconf 88' lang='lat' dir='ltr'><strong>soc.</strong></span> <span class='ocrx_word' id='word_1_285' title='bbox 1666 1347 1696 1378; x_wconf 86' lang='lat' dir='ltr'><strong>J.</strong></span> 
     </span>
    </p>
   </div>
   <div class='ocr_carea' id='block_1_26' title="bbox 82 1393 1694 1438">
    <p class='ocr_par' dir='ltr' id='par_1_26' title="bbox 82 1393 1694 1438">
     <span class='ocr_line' id='line_1_26' title="bbox 82 1393 1694 1438; baseline -0.002 -11"><span class='ocrx_word' id='word_1_286' title='bbox 82 1397 111 1427; x_wconf 86' lang='lat' dir='ltr'><strong>in</strong></span> <span class='ocrx_word' id='word_1_287' title='bbox 128 1398 294 1436; x_wconf 79' lang='lat' dir='ltr'><strong>Apparatu</strong></span> <span class='ocrx_word' id='word_1_288' title='bbox 308 1405 415 1431; x_wconf 84' lang='lat' dir='ltr'><strong>sacro;</strong></span> <span class='ocrx_word' id='word_1_289' title='bbox 437 1413 474 1419; x_wconf 89' lang='lat'>—</span> <span class='ocrx_word' id='word_1_290' title='bbox 498 1397 633 1428; x_wconf 79' lang='lat' dir='ltr'><strong>Iacobus</strong></span> <span class='ocrx_word' id='word_1_291' title='bbox 649 1398 823 1433; x_wconf 76' lang='lat' dir='ltr'><strong>Gretserus,</strong></span> <span class='ocrx_word' id='word_1_292' title='bbox 839 1403 905 1438; x_wconf 85' lang='lat' dir='ltr'><strong>soc.</strong></span> <span class='ocrx_word' id='word_1_293' title='bbox 921 1397 994 1426; x_wconf 82' lang='lat' dir='ltr'><strong>Jesu</strong></span> <span class='ocrx_word' id='word_1_294' title='bbox 1011 1395 1044 1425; x_wconf 90' lang='lat' dir='ltr'><strong>in</strong></span> <span class='ocrx_word' id='word_1_295' title='bbox 1070 1394 1272 1435; x_wconf 82' lang='lat' dir='ltr'><strong>Re/ulatione</strong></span> <span class='ocrx_word' id='word_1_296' title='bbox 1289 1393 1474 1434; x_wconf 74' lang='lat' dir='ltr'><strong>Alogiarum</strong></span> <span class='ocrx_word' id='word_1_297' title='bbox 1491 1394 1588 1425; x_wconf 75' lang='lat' dir='ltr'><strong>Annw</strong></span> <span class='ocrx_word' id='word_1_298' title='bbox 1603 1394 1694 1425; x_wconf 88' lang='lat' dir='ltr'><strong>Com-</strong></span> 
     </span>
    </p>
   </div>
   <div class='ocr_carea' id='block_1_27' title="bbox 83 1443 1694 1485">
    <p class='ocr_par' dir='ltr' id='par_1_27' title="bbox 83 1443 1694 1485">
     <span class='ocr_line' id='line_1_27' title="bbox 83 1443 1694 1485; baseline -0.002 -9"><span class='ocrx_word' id='word_1_299' title='bbox 83 1456 161 1476; x_wconf 73' lang='lat' dir='ltr'><strong>nenc</strong></span> <span class='ocrx_word' id='word_1_300' title='bbox 186 1447 221 1476; x_wconf 84' lang='lat' dir='ltr'><strong>in</strong></span> <span class='ocrx_word' id='word_1_301' title='bbox 249 1445 401 1476; x_wconf 63' lang='lat' dir='ltr'><strong>Alexiadc</strong></span> <span class='ocrx_word' id='word_1_302' title='bbox 424 1450 533 1476; x_wconf 84' lang='lat' dir='ltr'><strong>contra</strong></span> <span class='ocrx_word' id='word_1_303' title='bbox 553 1446 740 1485; x_wconf 81' lang='lat' dir='ltr'><strong>Gregorium</strong></span> <span class='ocrx_word' id='word_1_304' title='bbox 769 1445 828 1475; x_wconf 75' lang='lat' dir='ltr'><strong>VII</strong></span> <span class='ocrx_word' id='word_1_305' title='bbox 854 1445 944 1474; x_wconf 84' lang='lat' dir='ltr'><strong>Rom.</strong></span> <span class='ocrx_word' id='word_1_306' title='bbox 966 1444 1069 1477; x_wconf 84' lang='lat' dir='ltr'><strong>Pont;</strong></span> <span class='ocrx_word' id='word_1_307' title='bbox 1089 1460 1127 1465; x_wconf 88' lang='lat'><strong><em>—</em></strong></span> <span class='ocrx_word' id='word_1_308' title='bbox 1150 1443 1306 1474; x_wconf 86' lang='lat' dir='ltr'><strong>Gerardus</strong></span> <span class='ocrx_word' id='word_1_309' title='bbox 1329 1444 1467 1474; x_wconf 87' lang='lat' dir='ltr'><strong>Joannes</strong></span> <span class='ocrx_word' id='word_1_310' title='bbox 1490 1444 1626 1479; x_wconf 76' lang='lat' dir='ltr'><strong>Vossius,</strong></span> <span class='ocrx_word' id='word_1_311' title='bbox 1651 1445 1694 1474; x_wconf 79' lang='lat' dir='ltr'><strong>De</strong></span> 
     </span>
    </p>
   </div>
   <div class='ocr_carea' id='block_1_28' title="bbox 84 1489 1696 1534">
    <p class='ocr_par' dir='ltr' id='par_1_28' title="bbox 84 1489 1696 1534">
     <span class='ocr_line' id='line_1_28' title="bbox 84 1489 1696 1534; baseline -0.001 -10"><span class='ocrx_word' id='word_1_312' title='bbox 84 1500 210 1534; x_wconf 83' lang='lat' dir='ltr'><strong>quatuor</strong></span> <span class='ocrx_word' id='word_1_313' title='bbox 233 1493 369 1530; x_wconf 79' lang='lat' dir='ltr'><strong>artibus.</strong></span> <span class='ocrx_word' id='word_1_314' title='bbox 389 1497 419 1524; x_wconf 83' lang='lat' dir='ltr'><strong>et</strong></span> <span class='ocrx_word' id='word_1_315' title='bbox 443 1490 497 1524; x_wconf 88' lang='lat' dir='ltr'><strong>lib.</strong></span> <span class='ocrx_word' id='word_1_316' title='bbox 521 1489 564 1524; x_wconf 63' lang='lat' dir='ltr'><strong>De</strong></span> <span class='ocrx_word' id='word_1_317' title='bbox 592 1491 751 1524; x_wconf 76' lang='lat' dir='ltr'><strong>historicis</strong></span> <span class='ocrx_word' id='word_1_318' title='bbox 778 1493 968 1526; x_wconf 74' lang='lat' dir='ltr'><strong>erct‘s:-—</strong></span> <span class='ocrx_word' id='word_1_319' title='bbox 986 1492 1047 1523; x_wconf 70' lang='lat' dir='ltr'><strong>Leo</strong></span> <span class='ocrx_word' id='word_1_320' title='bbox 1073 1491 1216 1529; x_wconf 79' lang='lat' dir='ltr'><strong>Allatius,</strong></span> <span class='ocrx_word' id='word_1_321' title='bbox 1242 1491 1348 1529; x_wconf 86' lang='lat' dir='ltr'><strong>Chius,</strong></span> <span class='ocrx_word' id='word_1_322' title='bbox 1373 1492 1426 1523; x_wconf 88' lang='lat' dir='ltr'><strong>lib.</strong></span> <span class='ocrx_word' id='word_1_323' title='bbox 1452 1493 1496 1522; x_wconf 84' lang='lat' dir='ltr'><strong>De</strong></span> <span class='ocrx_word' id='word_1_324' title='bbox 1527 1492 1639 1522; x_wconf 69' lang='lat' dir='ltr'><strong>Pselli:</strong></span> <span class='ocrx_word' id='word_1_325' title='bbox 1667 1496 1696 1522; x_wconf 87' lang='lat' dir='ltr'><strong>et</strong></span> 
     </span>
    </p>
   </div>
   <div class='ocr_carea' id='block_1_29' title="bbox 83 1540 1693 1582">
    <p class='ocr_par' dir='ltr' id='par_1_29' title="bbox 83 1540 1693 1582">
     <span class='ocr_line' id='line_1_29' title="bbox 83 1540 1693 1582; baseline 0.001 -10"><span class='ocrx_word' id='word_1_326' title='bbox 83 1552 181 1573; x_wconf 82' lang='lat' dir='ltr'><strong>eorum</strong></span> <span class='ocrx_word' id='word_1_327' title='bbox 215 1543 361 1582; x_wconf 84' lang='lat' dir='ltr'><strong>scriptis;</strong></span> <span class='ocrx_word' id='word_1_328' title='bbox 383 1547 410 1573; x_wconf 87' lang='lat' dir='ltr'><strong>et</strong></span> <span class='ocrx_word' id='word_1_329' title='bbox 441 1542 522 1573; x_wconf 87' lang='lat' dir='ltr'><strong>libro</strong></span> <span class='ocrx_word' id='word_1_330' title='bbox 548 1543 584 1573; x_wconf 85' lang='lat' dir='ltr'><strong>de</strong></span> <span class='ocrx_word' id='word_1_331' title='bbox 610 1542 757 1572; x_wconf 74' lang='lat' dir='ltr'><strong>Ecclesiw</strong></span> <span class='ocrx_word' id='word_1_332' title='bbox 789 1541 948 1573; x_wconf 73' lang='lat' dir='ltr'><strong>Occiderit.</strong></span> <span class='ocrx_word' id='word_1_333' title='bbox 973 1545 1000 1570; x_wconf 78' lang='lat' dir='ltr'><strong>et</strong></span> <span class='ocrx_word' id='word_1_334' title='bbox 1023 1540 1144 1571; x_wconf 81' lang='lat' dir='ltr'><strong>Orient.</strong></span> <span class='ocrx_word' id='word_1_335' title='bbox 1165 1545 1316 1579; x_wconf 77' lang='lat' dir='ltr'><strong>perpetua</strong></span> <span class='ocrx_word' id='word_1_336' title='bbox 1336 1541 1552 1574; x_wconf 68' lang='lat' dir='ltr'><strong>consensione:</strong></span> <span class='ocrx_word' id='word_1_337' title='bbox 1569 1557 1606 1562; x_wconf 89' lang='lat'><strong><em>—</em></strong></span> <span class='ocrx_word' id='word_1_338' title='bbox 1627 1540 1693 1571; x_wconf 79' lang='lat' dir='ltr'><strong>Gil-</strong></span> 
     </span>
    </p>
   </div>
   <div class='ocr_carea' id='block_1_30' title="bbox 83 1588 1696 1629">
    <p class='ocr_par' dir='ltr' id='par_1_30' title="bbox 83 1588 1696 1629">
     <span class='ocr_line' id='line_1_30' title="bbox 83 1588 1696 1629; baseline -0.001 -9"><span class='ocrx_word' id='word_1_339' title='bbox 83 1590 182 1621; x_wconf 88' lang='lat' dir='ltr'><strong>berlus</strong></span> <span class='ocrx_word' id='word_1_340' title='bbox 199 1591 386 1627; x_wconf 86' lang='lat' dir='ltr'><strong>Gauminus,</strong></span> <span class='ocrx_word' id='word_1_341' title='bbox 402 1590 597 1627; x_wconf 89' lang='lat' dir='ltr'><strong>Molinensis,</strong></span> <span class='ocrx_word' id='word_1_342' title='bbox 612 1590 789 1621; x_wconf 87' lang='lat' dir='ltr'><strong>libellorum</strong></span> <span class='ocrx_word' id='word_1_343' title='bbox 808 1588 987 1629; x_wconf 87' lang='lat' dir='ltr'><strong>supplicum</strong></span> <span class='ocrx_word' id='word_1_344' title='bbox 1002 1589 1160 1627; x_wconf 84' lang='lat' dir='ltr'><strong>magister,</strong></span> <span class='ocrx_word' id='word_1_345' title='bbox 1173 1589 1204 1620; x_wconf 91' lang='lat' dir='ltr'><strong>in</strong></span> <span class='ocrx_word' id='word_1_346' title='bbox 1221 1590 1302 1620; x_wconf 89' lang='lat' dir='ltr'><strong>notis</strong></span> <span class='ocrx_word' id='word_1_347' title='bbox 1311 1589 1350 1620; x_wconf 86' lang='lat' dir='ltr'><strong>ad</strong></span> <span class='ocrx_word' id='word_1_348' title='bbox 1368 1589 1530 1620; x_wconf 84' lang='lat' dir='ltr'><strong>Michaelis</strong></span> <span class='ocrx_word' id='word_1_349' title='bbox 1545 1589 1636 1620; x_wconf 89' lang='lat' dir='ltr'><strong>Pselli</strong></span> <span class='ocrx_word' id='word_1_350' title='bbox 1652 1590 1696 1620; x_wconf 82' lang='lat' dir='ltr'><strong>Dc</strong></span> 
     </span>
    </p>
   </div>
   <div class='ocr_carea' id='block_1_31' title="bbox 85 1637 1693 1677">
    <p class='ocr_par' dir='ltr' id='par_1_31' title="bbox 85 1637 1693 1677">
     <span class='ocr_line' id='line_1_31' title="bbox 85 1637 1693 1677; baseline 0.002 -11"><span class='ocrx_word' id='word_1_351' title='bbox 85 1638 258 1676; x_wconf 78' lang='lat' dir='ltr'><strong>operatione</strong></span> <span class='ocrx_word' id='word_1_352' title='bbox 271 1638 443 1668; x_wconf 60' lang='lat' dir='ltr'><strong>daemonum</strong></span> <span class='ocrx_word' id='word_1_353' title='bbox 457 1637 642 1677; x_wconf 67' lang='lat' dir='ltr'><strong>Dialog&#39;um;</strong></span> <span class='ocrx_word' id='word_1_354' title='bbox 663 1655 701 1661; x_wconf 94' lang='lat'><strong>—</strong></span> <span class='ocrx_word' id='word_1_355' title='bbox 720 1637 904 1668; x_wconf 80' lang='lat' dir='ltr'><strong>Franciscus</strong></span> <span class='ocrx_word' id='word_1_356' title='bbox 918 1637 1126 1668; x_wconf 84' lang='lat' dir='ltr'><strong>BalduinusJ.</strong></span> <span class='ocrx_word' id='word_1_357' title='bbox 1146 1639 1178 1669; x_wconf 89' lang='lat' dir='ltr'><strong>C.</strong></span> <span class='ocrx_word' id='word_1_358' title='bbox 1193 1639 1236 1668; x_wconf 82' lang='lat' dir='ltr'><strong>De</strong></span> <span class='ocrx_word' id='word_1_359' title='bbox 1258 1639 1456 1668; x_wconf 79' lang='lat' dir='ltr'><strong>institutione</strong></span> <span class='ocrx_word' id='word_1_360' title='bbox 1473 1638 1610 1668; x_wconf 68' lang='lat' dir='ltr'><strong>historice</strong></span> <span class='ocrx_word' id='word_1_361' title='bbox 1623 1639 1693 1669; x_wconf 82' lang='lat' dir='ltr'><strong>uni-</strong></span> 
     </span>
    </p>
   </div>
   <div class='ocr_carea' id='block_1_32' title="bbox 84 1684 1695 1726">
    <p class='ocr_par' dir='ltr' id='par_1_32' title="bbox 84 1684 1695 1726">
     <span class='ocr_line' id='line_1_32' title="bbox 84 1684 1695 1726; baseline 0.002 -12"><span class='ocrx_word' id='word_1_362' title='bbox 84 1685 222 1719; x_wconf 62' lang='lat' dir='ltr'><strong>versalis;</strong></span> <span class='ocrx_word' id='word_1_363' title='bbox 239 1703 276 1708; x_wconf 95' lang='lat'><strong>—</strong></span> <span class='ocrx_word' id='word_1_364' title='bbox 288 1686 424 1716; x_wconf 73' lang='lat' dir='ltr'><strong>Iacobus</strong></span> <span class='ocrx_word' id='word_1_365' title='bbox 435 1684 631 1721; x_wconf 79' lang='lat' dir='ltr'><strong>Gaﬂ&#39;arellus,</strong></span> <span class='ocrx_word' id='word_1_366' title='bbox 644 1686 857 1726; x_wconf 77' lang='lat' dir='ltr'><strong>provincialis,</strong></span> <span class='ocrx_word' id='word_1_367' title='bbox 876 1685 955 1716; x_wconf 90' lang='lat' dir='ltr'><strong>libro</strong></span> <span class='ocrx_word' id='word_1_368' title='bbox 965 1685 1146 1726; x_wconf 75' lang='lat' dir='ltr'><strong>pererudito</strong></span> <span class='ocrx_word' id='word_1_369' title='bbox 1161 1687 1206 1716; x_wconf 78' lang='lat' dir='ltr'><strong>De</strong></span> <span class='ocrx_word' id='word_1_370' title='bbox 1220 1685 1455 1717; x_wconf 79' lang='lat' dir='ltr'><strong>curiositatibus</strong></span> <span class='ocrx_word' id='word_1_371' title='bbox 1472 1687 1646 1721; x_wconf 82' lang='lat' dir='ltr'><strong>inauditis;</strong></span> <span class='ocrx_word' id='word_1_372' title='bbox 1659 1703 1695 1708; x_wconf 92' lang='lat'><strong>—</strong></span> 
     </span>
    </p>
   </div>
   <div class='ocr_carea' id='block_1_33' title="bbox 86 1732 1694 1774">
    <p class='ocr_par' dir='ltr' id='par_1_33' title="bbox 86 1732 1694 1774">
     <span class='ocr_line' id='line_1_33' title="bbox 86 1732 1694 1774; baseline 0.001 -11"><span class='ocrx_word' id='word_1_373' title='bbox 86 1733 158 1764; x_wconf 71' lang='lat' dir='ltr'><strong>Elius</strong></span> <span class='ocrx_word' id='word_1_374' title='bbox 178 1732 371 1772; x_wconf 76' lang='lat' dir='ltr'><strong>Ehingerus,</strong></span> <span class='ocrx_word' id='word_1_375' title='bbox 396 1732 605 1772; x_wconf 62' lang='lat' dir='ltr'><strong>augustanus,</strong></span> <span class='ocrx_word' id='word_1_376' title='bbox 626 1734 658 1764; x_wconf 81' lang='lat' dir='ltr'><strong>in</strong></span> <span class='ocrx_word' id='word_1_377' title='bbox 683 1732 877 1764; x_wconf 73' lang='lat' dir='ltr'><strong>Bibliotheca</strong></span> <span class='ocrx_word' id='word_1_378' title='bbox 895 1734 1098 1774; x_wconf 80' lang='lat' dir='ltr'><strong>Augustana;</strong></span> <span class='ocrx_word' id='word_1_379' title='bbox 1116 1752 1150 1757; x_wconf 91' lang='lat'><strong>—-</strong></span> <span class='ocrx_word' id='word_1_380' title='bbox 1168 1735 1361 1773; x_wconf 79' lang='lat' dir='ltr'><strong>Augustinus</strong></span> <span class='ocrx_word' id='word_1_381' title='bbox 1387 1734 1574 1771; x_wconf 81' lang='lat' dir='ltr'><strong>Mascardus,</strong></span> <span class='ocrx_word' id='word_1_382' title='bbox 1599 1736 1694 1766; x_wconf 67' lang='lat' dir='ltr'><strong>Trac»</strong></span> 
     </span>
    </p>
   </div>
   <div class='ocr_carea' id='block_1_34' title="bbox 84 1780 1692 1822">
    <p class='ocr_par' dir='ltr' id='par_1_34' title="bbox 84 1780 1692 1822">
     <span class='ocr_line' id='line_1_34' title="bbox 84 1780 1692 1822; baseline 0.001 -10"><span class='ocrx_word' id='word_1_383' title='bbox 84 1785 140 1812; x_wconf 79' lang='lat' dir='ltr'><strong>tatu</strong></span> <span class='ocrx_word' id='word_1_384' title='bbox 152 1788 176 1812; x_wconf 86' lang='grc' dir='ltr'>ιι</span> <span class='ocrx_word' id='word_1_385' title='bbox 186 1782 231 1811; x_wconf 85' lang='lat' dir='ltr'><strong>De</strong></span> <span class='ocrx_word' id='word_1_386' title='bbox 248 1786 316 1811; x_wconf 85' lang='lat' dir='ltr'><strong>arte</strong></span> <span class='ocrx_word' id='word_1_387' title='bbox 335 1782 476 1821; x_wconf 73' lang='lat' dir='ltr'><strong>paelicis;</strong></span> <span class='ocrx_word' id='word_1_388' title='bbox 494 1799 528 1804; x_wconf 90' lang='lat'><strong>--</strong></span> <span class='ocrx_word' id='word_1_389' title='bbox 544 1782 657 1812; x_wconf 81' lang='lat' dir='ltr'><strong>Paulus</strong></span> <span class='ocrx_word' id='word_1_390' title='bbox 671 1781 863 1818; x_wconf 84' lang='lat' dir='ltr'><strong>Bolduanus,</strong></span> <span class='ocrx_word' id='word_1_391' title='bbox 877 1781 908 1812; x_wconf 90' lang='lat' dir='ltr'><strong>in</strong></span> <span class='ocrx_word' id='word_1_392' title='bbox 925 1780 1298 1822; x_wconf 53' lang='lat' dir='ltr'><strong>Bibliothecamistorica;</strong></span> <span class='ocrx_word' id='word_1_393' title='bbox 1314 1799 1349 1804; x_wconf 86' lang='lat'><strong>—-</strong></span> <span class='ocrx_word' id='word_1_394' title='bbox 1365 1782 1471 1812; x_wconf 86' lang='lat' dir='ltr'><strong>Simon</strong></span> <span class='ocrx_word' id='word_1_395' title='bbox 1488 1783 1646 1819; x_wconf 76' lang='lat' dir='ltr'><strong>Scantius,</strong></span> <span class='ocrx_word' id='word_1_396' title='bbox 1664 1784 1692 1819; x_wconf 84' lang='lat' dir='ltr'><strong>J,</strong></span> 
     </span>
    </p>
   </div>
   <div class='ocr_carea' id='block_1_35' title="bbox 85 1826 1693 1872">
    <p class='ocr_par' dir='ltr' id='par_1_35' title="bbox 85 1826 1693 1872">
     <span class='ocr_line' id='line_1_35' title="bbox 85 1826 1693 1872; baseline 0.002 -14"><span class='ocrx_word' id='word_1_397' title='bbox 85 1830 114 1858; x_wconf 72' lang='grc' dir='ltr'><strong>[Σ.</strong></span> <span class='ocrx_word' id='word_1_398' title='bbox 130 1826 314 1865; x_wconf 79' lang='lat' dir='ltr'><strong>Germanus,</strong></span> <span class='ocrx_word' id='word_1_399' title='bbox 333 1830 366 1859; x_wconf 90' lang='lat' dir='ltr'><strong>in</strong></span> <span class='ocrx_word' id='word_1_400' title='bbox 387 1829 575 1872; x_wconf 71' lang='lat' dir='ltr'><strong>Prisfatione</strong></span> <span class='ocrx_word' id='word_1_401' title='bbox 592 1830 632 1860; x_wconf 84' lang='lat' dir='ltr'><strong>ad</strong></span> <span class='ocrx_word' id='word_1_402' title='bbox 647 1829 685 1859; x_wconf 88' lang='lat' dir='ltr'><strong>IV</strong></span> <span class='ocrx_word' id='word_1_403' title='bbox 703 1828 872 1868; x_wconf 68' lang='lat' dir='ltr'><strong>scriptores</strong></span> <span class='ocrx_word' id='word_1_404' title='bbox 886 1829 1075 1865; x_wconf 80' lang='lat' dir='ltr'><strong>Germanos;</strong></span> <span class='ocrx_word' id='word_1_405' title='bbox 1089 1849 1124 1852; x_wconf 98' lang='lat'>—</span> <span class='ocrx_word' id='word_1_406' title='bbox 1140 1830 1308 1862; x_wconf 83' lang='lat' dir='ltr'><strong>Remaclus</strong></span> <span class='ocrx_word' id='word_1_407' title='bbox 1330 1831 1419 1867; x_wconf 87' lang='lat' dir='ltr'><strong>Mosi,</strong></span> <span class='ocrx_word' id='word_1_408' title='bbox 1447 1831 1479 1861; x_wconf 90' lang='lat' dir='ltr'><strong>in</strong></span> <span class='ocrx_word' id='word_1_409' title='bbox 1507 1831 1623 1862; x_wconf 75' lang='lat' dir='ltr'><strong>Muswo</strong></span> <span class='ocrx_word' id='word_1_410' title='bbox 1643 1831 1693 1861; x_wconf 78' lang='lat' dir='ltr'><strong>Iti-</strong></span> 
     </span>
    </p>
   </div>
   <div class='ocr_carea' id='block_1_36' title="bbox 86 1876 1695 1916">
    <p class='ocr_par' dir='ltr' id='par_1_36' title="bbox 86 1876 1695 1916">
     <span class='ocr_line' id='line_1_36' title="bbox 86 1876 1695 1916; baseline 0.001 -9"><span class='ocrx_word' id='word_1_411' title='bbox 86 1877 214 1914; x_wconf 71' lang='lat' dir='ltr'><strong>storiati,</strong></span> <span class='ocrx_word' id='word_1_412' title='bbox 232 1877 342 1908; x_wconf 86' lang='lat' dir='ltr'><strong>Leodii</strong></span> <span class='ocrx_word' id='word_1_413' title='bbox 360 1876 434 1907; x_wconf 78' lang='lat'><strong>1610</strong></span> <span class='ocrx_word' id='word_1_414' title='bbox 449 1878 482 1908; x_wconf 84' lang='lat' dir='ltr'><strong>in</strong></span> <span class='ocrx_word' id='word_1_415' title='bbox 498 1877 527 1907; x_wconf 74' lang='grc'><strong>4⁸</strong></span> <span class='ocrx_word' id='word_1_416' title='bbox 542 1876 643 1914; x_wconf 85' lang='lat' dir='ltr'><strong>edito;</strong></span> <span class='ocrx_word' id='word_1_417' title='bbox 659 1894 696 1900; x_wconf 80' lang='lat'><strong>——</strong></span> <span class='ocrx_word' id='word_1_418' title='bbox 716 1876 870 1908; x_wconf 81' lang='lat' dir='ltr'><strong>Aubertus</strong></span> <span class='ocrx_word' id='word_1_419' title='bbox 883 1878 1017 1916; x_wconf 72' lang='lat' dir='ltr'><strong>Mirmus,</strong></span> <span class='ocrx_word' id='word_1_420' title='bbox 1032 1879 1064 1910; x_wconf 91' lang='lat' dir='ltr'><strong>in</strong></span> <span class='ocrx_word' id='word_1_421' title='bbox 1080 1878 1282 1910; x_wconf 71' lang='lat' dir='ltr'><strong>Bibliotheca</strong></span> <span class='ocrx_word' id='word_1_422' title='bbox 1299 1880 1512 1910; x_wconf 74' lang='lat' dir='ltr'><strong>ccclcsiastica‘</strong></span> <span class='ocrx_word' id='word_1_423' title='bbox 1524 1880 1673 1910; x_wconf 81' lang='lat' dir='ltr'><strong>Auctarin</strong></span> <span class='ocrx_word' id='word_1_424' title='bbox 1684 1892 1695 1914; x_wconf 86' lang='lat'><strong>,-</strong></span> 
     </span>
    </p>
   </div>
   <div class='ocr_carea' id='block_1_37' title="bbox 86 1922 1695 1967">
    <p class='ocr_par' dir='ltr' id='par_1_37' title="bbox 86 1922 1695 1967">
     <span class='ocr_line' id='line_1_37' title="bbox 86 1922 1695 1967; baseline 0.002 -13"><span class='ocrx_word' id='word_1_425' title='bbox 86 1941 120 1946; x_wconf 96' lang='lat'>—</span> <span class='ocrx_word' id='word_1_426' title='bbox 134 1925 318 1959; x_wconf 86' lang='lat' dir='ltr'><strong>Franciscus</strong></span> <span class='ocrx_word' id='word_1_427' title='bbox 335 1924 528 1964; x_wconf 81' lang='lat' dir='ltr'><strong>Augustinus</strong></span> <span class='ocrx_word' id='word_1_428' title='bbox 541 1925 579 1956; x_wconf 84' lang='lat' dir='ltr'><strong>ab</strong></span> <span class='ocrx_word' id='word_1_429' title='bbox 597 1922 745 1961; x_wconf 79' lang='lat' dir='ltr'><strong>Ecclesia,</strong></span> <span class='ocrx_word' id='word_1_430' title='bbox 764 1925 950 1957; x_wconf 89' lang='lat' dir='ltr'><strong>Salutiarum</strong></span> <span class='ocrx_word' id='word_1_431' title='bbox 964 1927 1144 1967; x_wconf 83' lang='lat' dir='ltr'><strong>episcopus,</strong></span> <span class='ocrx_word' id='word_1_432' title='bbox 1165 1928 1198 1958; x_wconf 89' lang='lat' dir='ltr'><strong>in</strong></span> <span class='ocrx_word' id='word_1_433' title='bbox 1219 1924 1349 1958; x_wconf 79' lang='lat' dir='ltr'><strong>Theatra</strong></span> <span class='ocrx_word' id='word_1_434' title='bbox 1370 1927 1539 1958; x_wconf 82' lang='lat' dir='ltr'><strong>illustrium</strong></span> <span class='ocrx_word' id='word_1_435' title='bbox 1551 1927 1695 1959; x_wconf 82' lang='lat' dir='ltr'><strong>doctrina</strong></span> 
     </span>
    </p>
   </div>
   <div class='ocr_carea' id='block_1_38' title="bbox 87 1973 1695 2016">
    <p class='ocr_par' dir='ltr' id='par_1_38' title="bbox 87 1973 1695 2016">
     <span class='ocr_line' id='line_1_38' title="bbox 87 1973 1695 2016; baseline 0.003 -14"><span class='ocrx_word' id='word_1_436' title='bbox 87 1973 257 2007; x_wconf 87' lang='lat' dir='ltr'><strong>mulierum:</strong></span> <span class='ocrx_word' id='word_1_437' title='bbox 274 1989 311 1995; x_wconf 86' lang='lat'>——</span> <span class='ocrx_word' id='word_1_438' title='bbox 326 1974 464 2004; x_wconf 84' lang='lat' dir='ltr'><strong>Joannes</strong></span> <span class='ocrx_word' id='word_1_439' title='bbox 481 1974 645 2015; x_wconf 83' lang='lat' dir='ltr'><strong>Meursius,</strong></span> <span class='ocrx_word' id='word_1_440' title='bbox 662 1974 696 2004; x_wconf 86' lang='lat' dir='ltr'><strong>in</strong></span> <span class='ocrx_word' id='word_1_441' title='bbox 715 1973 875 2005; x_wconf 69' lang='lat' dir='ltr'><strong>Glossario</strong></span> <span class='ocrx_word' id='word_1_442' title='bbox 894 1975 1159 2005; x_wconf 60' lang='lat' dir='ltr'><strong>Graeco—Barbara</strong></span> <span class='ocrx_word' id='word_1_443' title='bbox 1171 1997 1178 2011; x_wconf 92' lang='lat'><strong>,</strong></span> <span class='ocrx_word' id='word_1_444' title='bbox 1203 1979 1234 2006; x_wconf 74' lang='lat' dir='ltr'><strong>et</strong></span> <span class='ocrx_word' id='word_1_445' title='bbox 1260 1975 1293 2006; x_wconf 91' lang='lat' dir='ltr'><strong>in</strong></span> <span class='ocrx_word' id='word_1_446' title='bbox 1310 1976 1397 2006; x_wconf 76' lang='lat' dir='ltr'><strong>Notis</strong></span> <span class='ocrx_word' id='word_1_447' title='bbox 1414 1976 1452 2006; x_wconf 87' lang='lat' dir='ltr'><strong>ad</strong></span> <span class='ocrx_word' id='word_1_448' title='bbox 1470 1976 1695 2016; x_wconf 70' lang='lat' dir='ltr'><strong>Expos-itiones</strong></span> 
     </span>
    </p>
   </div>
   <div class='ocr_carea' id='block_1_39' title="bbox 88 2019 1694 2064">
    <p class='ocr_par' dir='ltr' id='par_1_39' title="bbox 88 2019 1694 2064">
     <span class='ocr_line' id='line_1_39' title="bbox 88 2019 1694 2064; baseline 0.002 -13"><span class='ocrx_word' id='word_1_449' title='bbox 88 2022 117 2051; x_wconf 88' lang='lat' dir='ltr'><strong>in</strong></span> <span class='ocrx_word' id='word_1_450' title='bbox 143 2023 309 2053; x_wconf 81' lang='lat' dir='ltr'><strong>Canticum</strong></span> <span class='ocrx_word' id='word_1_451' title='bbox 340 2022 534 2052; x_wconf 69' lang='lat' dir='ltr'><strong>canticorum</strong></span> <span class='ocrx_word' id='word_1_452' title='bbox 565 2022 671 2058; x_wconf 84' lang='lat' dir='ltr'><strong>Pselli,</strong></span> <span class='ocrx_word' id='word_1_453' title='bbox 706 2019 778 2062; x_wconf 82' lang='lat' dir='ltr'><strong>pag.</strong></span> <span class='ocrx_word' id='word_1_454' title='bbox 815 2021 889 2058; x_wconf 75' lang='lat'><strong>174;</strong></span> <span class='ocrx_word' id='word_1_455' title='bbox 928 2039 963 2043; x_wconf 94' lang='lat'><strong>—</strong></span> <span class='ocrx_word' id='word_1_456' title='bbox 995 2021 1160 2063; x_wconf 81' lang='lat' dir='ltr'><strong>Philippus</strong></span> <span class='ocrx_word' id='word_1_457' title='bbox 1189 2023 1361 2061; x_wconf 87' lang='lat' dir='ltr'><strong>Glasscrus,</strong></span> <span class='ocrx_word' id='word_1_458' title='bbox 1390 2025 1637 2064; x_wconf 73' lang='lat' dir='ltr'><strong>Argentinensis,</strong></span> <span class='ocrx_word' id='word_1_459' title='bbox 1663 2025 1694 2055; x_wconf 86' lang='lat' dir='ltr'><strong>in</strong></span> 
     </span>
    </p>
   </div>
   <div class='ocr_carea' id='block_1_40' title="bbox 87 2068 1692 2113">
    <p class='ocr_par' dir='ltr' id='par_1_40' title="bbox 87 2068 1692 2113">
     <span class='ocr_line' id='line_1_40' title="bbox 87 2068 1692 2113; baseline 0.003 -14"><span class='ocrx_word' id='word_1_460' title='bbox 87 2070 314 2109; x_wconf 84' lang='lat' dir='ltr'><strong>Syngrammatc</strong></span> <span class='ocrx_word' id='word_1_461' title='bbox 331 2069 502 2104; x_wconf 82' lang='lat' dir='ltr'><strong>historico,-</strong></span> <span class='ocrx_word' id='word_1_462' title='bbox 521 2088 554 2093; x_wconf 89' lang='lat'><strong>—-</strong></span> <span class='ocrx_word' id='word_1_463' title='bbox 579 2071 728 2102; x_wconf 83' lang='lat' dir='ltr'><strong>Martinus</strong></span> <span class='ocrx_word' id='word_1_464' title='bbox 749 2071 885 2108; x_wconf 77' lang='lat' dir='ltr'><strong>Clusius,</strong></span> <span class='ocrx_word' id='word_1_465' title='bbox 905 2068 936 2100; x_wconf 88' lang='lat' dir='ltr'><strong>in</strong></span> <span class='ocrx_word' id='word_1_466' title='bbox 966 2070 1196 2110; x_wconf 75' lang='lat' dir='ltr'><strong>Prolcgomcnis</strong></span> <span class='ocrx_word' id='word_1_467' title='bbox 1211 2071 1252 2102; x_wconf 88' lang='lat' dir='ltr'><strong>ad</strong></span> <span class='ocrx_word' id='word_1_468' title='bbox 1275 2074 1552 2104; x_wconf 69' lang='lat' dir='ltr'><strong>(‘ommentationes</strong></span> <span class='ocrx_word' id='word_1_469' title='bbox 1576 2075 1608 2104; x_wconf 88' lang='lat' dir='ltr'><strong>in</strong></span> <span class='ocrx_word' id='word_1_470' title='bbox 1621 2076 1692 2113; x_wconf 80' lang='lat' dir='ltr'><strong>pri-</strong></span> 
     </span>
    </p>
   </div>
   <div class='ocr_carea' id='block_1_41' title="bbox 87 2117 1694 2163">
    <p class='ocr_par' dir='ltr' id='par_1_41' title="bbox 87 2117 1694 2163">
     <span class='ocr_line' id='line_1_41' title="bbox 87 2117 1694 2163; baseline 0.003 -16"><span class='ocrx_word' id='word_1_471' title='bbox 87 2126 158 2147; x_wconf 85' lang='lat' dir='ltr'><strong>mum</strong></span> <span class='ocrx_word' id='word_1_472' title='bbox 174 2118 289 2148; x_wconf 83' lang='lat' dir='ltr'><strong>librum</strong></span> <span class='ocrx_word' id='word_1_473' title='bbox 304 2117 424 2148; x_wconf 85' lang='lat' dir='ltr'><strong>Iliados</strong></span> <span class='ocrx_word' id='word_1_474' title='bbox 436 2117 584 2154; x_wconf 78' lang='lat' dir='ltr'><strong>Homeri;</strong></span> <span class='ocrx_word' id='word_1_475' title='bbox 607 2137 641 2140; x_wconf 98' lang='lat'>—</span> <span class='ocrx_word' id='word_1_476' title='bbox 664 2120 803 2149; x_wconf 82' lang='lat' dir='ltr'><strong>Joannes</strong></span> <span class='ocrx_word' id='word_1_477' title='bbox 826 2119 991 2163; x_wconf 68' lang='lat' dir='ltr'><strong>Seldenus,</strong></span> <span class='ocrx_word' id='word_1_478' title='bbox 1019 2119 1147 2157; x_wconf 77' lang='lat' dir='ltr'><strong>Anglus.</strong></span> <span class='ocrx_word' id='word_1_479' title='bbox 1177 2120 1208 2150; x_wconf 89' lang='lat' dir='ltr'><strong>itt</strong></span> <span class='ocrx_word' id='word_1_480' title='bbox 1238 2120 1467 2152; x_wconf 83' lang='lat' dir='ltr'><strong>Commentario</strong></span> <span class='ocrx_word' id='word_1_481' title='bbox 1495 2123 1528 2152; x_wconf 86' lang='lat' dir='ltr'><strong>in</strong></span> <span class='ocrx_word' id='word_1_482' title='bbox 1545 2122 1694 2163; x_wconf 69' lang='lat' dir='ltr'><strong>Etitchin</strong></span> 
     </span>
    </p>
   </div>
   <div class='ocr_carea' id='block_1_42' title="bbox 88 2160 1693 2207">
    <p class='ocr_par' dir='ltr' id='par_1_42' title="bbox 88 2160 1693 2207">
     <span class='ocr_line' id='line_1_42' title="bbox 88 2160 1693 2207; baseline 0.004 -13"><span class='ocrx_word' id='word_1_483' title='bbox 88 2164 240 2204; x_wconf 82' lang='lat' dir='ltr'><strong>Origines;</strong></span> <span class='ocrx_word' id='word_1_484' title='bbox 264 2183 301 2188; x_wconf 90' lang='lat'><strong><em>——-</em></strong></span> <span class='ocrx_word' id='word_1_485' title='bbox 325 2165 482 2205; x_wconf 80' lang='lat' dir='ltr'><strong>Joseph‘us</strong></span> <span class='ocrx_word' id='word_1_486' title='bbox 507 2163 600 2197; x_wconf 80' lang='lat' dir='ltr'><strong>Maria</strong></span> <span class='ocrx_word' id='word_1_487' title='bbox 625 2163 798 2203; x_wconf 78' lang='lat' dir='ltr'><strong>Suaresius,</strong></span> <span class='ocrx_word' id='word_1_488' title='bbox 828 2160 1067 2204; x_wconf 72' lang='lat' dir='ltr'><strong>Avenionensis,</strong></span> <span class='ocrx_word' id='word_1_489' title='bbox 1094 2169 1208 2207; x_wconf 64' lang='lat' dir='ltr'><strong>pracsul</strong></span> <span class='ocrx_word' id='word_1_490' title='bbox 1241 2169 1455 2206; x_wconf 81' lang='lat' dir='ltr'><strong>Vasionensis,</strong></span> <span class='ocrx_word' id='word_1_491' title='bbox 1485 2170 1517 2200; x_wconf 88' lang='lat' dir='ltr'><strong>in</strong></span> <span class='ocrx_word' id='word_1_492' title='bbox 1546 2160 1693 2200; x_wconf 81' lang='lat' dir='ltr'><strong>Diatriba</strong></span> 
     </span>
    </p>
   </div>
   <div class='ocr_carea' id='block_1_43' title="bbox 85 2215 1690 2258">
    <p class='ocr_par' dir='ltr' id='par_1_43' title="bbox 85 2215 1690 2258">
     <span class='ocr_line' id='line_1_43' title="bbox 85 2215 1690 2258; baseline 0.002 -14"><span class='ocrx_word' id='word_1_493' title='bbox 85 2215 177 2251; x_wconf 83' lang='lat' dir='ltr'><strong>prima</strong></span> <span class='ocrx_word' id='word_1_494' title='bbox 192 2215 229 2244; x_wconf 83' lang='lat' dir='ltr'><strong>de</strong></span> <span class='ocrx_word' id='word_1_495' title='bbox 251 2215 441 2258; x_wconf 76' lang='lat' dir='ltr'><strong>universalis</strong></span> <span class='ocrx_word' id='word_1_496' title='bbox 458 2215 596 2244; x_wconf 66' lang='lat' dir='ltr'><strong>historia</strong></span> <span class='ocrx_word' id='word_1_497' title='bbox 611 2216 758 2254; x_wconf 68' lang='lat' dir='ltr'><strong>syntaxi;</strong></span> <span class='ocrx_word' id='word_1_498' title='bbox 779 2232 814 2237; x_wconf 95' lang='lat'><strong>—-</strong></span> <span class='ocrx_word' id='word_1_499' title='bbox 832 2215 955 2246; x_wconf 85' lang='lat' dir='ltr'><strong>Gabriel</strong></span> <span class='ocrx_word' id='word_1_500' title='bbox 977 2216 1143 2253; x_wconf 72' lang='lat' dir='ltr'><strong>Naudwus,</strong></span> <span class='ocrx_word' id='word_1_501' title='bbox 1160 2216 1332 2254; x_wconf 79' lang='lat' dir='ltr'><strong>Parisinus,</strong></span> <span class='ocrx_word' id='word_1_502' title='bbox 1349 2217 1381 2248; x_wconf 92' lang='lat' dir='ltr'><strong>in</strong></span> <span class='ocrx_word' id='word_1_503' title='bbox 1398 2218 1529 2257; x_wconf 83' lang='lat' dir='ltr'><strong>Dialogo</strong></span> <span class='ocrx_word' id='word_1_504' title='bbox 1541 2217 1690 2257; x_wconf 82' lang='lat' dir='ltr'><strong>politico;</strong></span> 
     </span>
    </p>
   </div>
   <div class='ocr_carea' id='block_1_44' title="bbox 87 2258 1690 2306">
    <p class='ocr_par' dir='ltr' id='par_1_44' title="bbox 87 2258 1690 2306">
     <span class='ocr_line' id='line_1_44' title="bbox 87 2258 1690 2306; baseline 0.003 -14"><span class='ocrx_word' id='word_1_505' title='bbox 87 2278 120 2284; x_wconf 93' lang='lat'>—</span> <span class='ocrx_word' id='word_1_506' title='bbox 134 2263 165 2292; x_wconf 90' lang='lat' dir='ltr'><strong>P.</strong></span> <span class='ocrx_word' id='word_1_507' title='bbox 184 2262 351 2303; x_wconf 84' lang='lat' dir='ltr'><strong>Philippus</strong></span> <span class='ocrx_word' id='word_1_508' title='bbox 366 2263 481 2300; x_wconf 84' lang='lat' dir='ltr'><strong>Labbe,</strong></span> <span class='ocrx_word' id='word_1_509' title='bbox 498 2258 714 2303; x_wconf 74' lang='lat' dir='ltr'><strong>Bituricencis,</strong></span> <span class='ocrx_word' id='word_1_510' title='bbox 732 2271 797 2294; x_wconf 89' lang='lat' dir='ltr'><strong>soc.</strong></span> <span class='ocrx_word' id='word_1_511' title='bbox 816 2264 947 2300; x_wconf 63' lang='lat' dir='ltr'><strong>Jesu,,in</strong></span> <span class='ocrx_word' id='word_1_512' title='bbox 960 2265 1156 2303; x_wconf 81' lang='lat' dir='ltr'><strong>I‘rotreptico</strong></span> <span class='ocrx_word' id='word_1_513' title='bbox 1171 2265 1422 2296; x_wconf 81' lang='lat' dir='ltr'><strong>etDelineatione</strong></span> <span class='ocrx_word' id='word_1_514' title='bbox 1435 2266 1615 2306; x_wconf 82' lang='lat' dir='ltr'><strong>Apparatus</strong></span> <span class='ocrx_word' id='word_1_515' title='bbox 1626 2266 1690 2304; x_wconf 81' lang='lat' dir='ltr'><strong>By-</strong></span> 
     </span>
    </p>
   </div>
   <div class='ocr_carea' id='block_1_45' title="bbox 85 2309 1692 2353">
    <p class='ocr_par' dir='ltr' id='par_1_45' title="bbox 85 2309 1692 2353">
     <span class='ocr_line' id='line_1_45' title="bbox 85 2309 1692 2353; baseline 0.004 -15"><span class='ocrx_word' id='word_1_516' title='bbox 85 2311 208 2340; x_wconf 58' lang='lat' dir='ltr'><strong>zantines</strong></span> <span class='ocrx_word' id='word_1_517' title='bbox 220 2312 389 2346; x_wconf 60' lang='lat' dir='ltr'><strong>Historiae;</strong></span> <span class='ocrx_word' id='word_1_518' title='bbox 406 2329 442 2333; x_wconf 96' lang='lat'><strong>—</strong></span> <span class='ocrx_word' id='word_1_519' title='bbox 459 2311 597 2342; x_wconf 84' lang='lat' dir='ltr'><strong>Jacobus</strong></span> <span class='ocrx_word' id='word_1_520' title='bbox 614 2309 768 2351; x_wconf 80' lang='lat' dir='ltr'><strong>cujacius,</strong></span> <span class='ocrx_word' id='word_1_521' title='bbox 785 2312 925 2348; x_wconf 82' lang='lat' dir='ltr'><strong>Tolosas,</strong></span> <span class='ocrx_word' id='word_1_522' title='bbox 940 2313 973 2342; x_wconf 89' lang='lat' dir='ltr'><strong>in</strong></span> <span class='ocrx_word' id='word_1_523' title='bbox 997 2312 1151 2351; x_wconf 85' lang='lat' dir='ltr'><strong>Operibus</strong></span> <span class='ocrx_word' id='word_1_524' title='bbox 1168 2313 1274 2353; x_wconf 78' lang='lat' dir='ltr'><strong>juris;</strong></span> <span class='ocrx_word' id='word_1_525' title='bbox 1290 2330 1326 2336; x_wconf 95' lang='lat'><strong>—</strong></span> <span class='ocrx_word' id='word_1_526' title='bbox 1343 2314 1466 2345; x_wconf 83' lang='lat' dir='ltr'><strong>Nieetas</strong></span> <span class='ocrx_word' id='word_1_527' title='bbox 1489 2314 1692 2345; x_wconf 82' lang='lat' dir='ltr'><strong>Acominatus</strong></span> 
     </span>
    </p>
   </div>
   <div class='ocr_carea' id='block_1_46' title="bbox 87 2354 1690 2402">
    <p class='ocr_par' dir='ltr' id='par_1_46' title="bbox 87 2354 1690 2402">
     <span class='ocr_line' id='line_1_46' title="bbox 87 2354 1690 2402; baseline 0.003 -16"><span class='ocrx_word' id='word_1_528' title='bbox 87 2358 243 2390; x_wconf 68' lang='lat' dir='ltr'><strong>tlhoniates</strong></span> <span class='ocrx_word' id='word_1_529' title='bbox 266 2360 299 2390; x_wconf 89' lang='lat' dir='ltr'><strong>in</strong></span> <span class='ocrx_word' id='word_1_530' title='bbox 315 2354 461 2390; x_wconf 82' lang='lat' dir='ltr'><strong>Historia</strong></span> <span class='ocrx_word' id='word_1_531' title='bbox 478 2355 601 2393; x_wconf 69' lang='lat' dir='ltr'><strong>Graeca:</strong></span> <span class='ocrx_word' id='word_1_532' title='bbox 622 2377 658 2381; x_wconf 92' lang='lat'><strong><em>——</em></strong></span> <span class='ocrx_word' id='word_1_533' title='bbox 673 2364 783 2390; x_wconf 86' lang='lat' dir='ltr'><strong>auctor</strong></span> <span class='ocrx_word' id='word_1_534' title='bbox 806 2368 984 2399; x_wconf 82' lang='lat' dir='ltr'><strong>anonymus</strong></span> <span class='ocrx_word' id='word_1_535' title='bbox 1008 2362 1158 2402; x_wconf 81' lang='lat' dir='ltr'><strong>Synopsis</strong></span> <span class='ocrx_word' id='word_1_536' title='bbox 1181 2363 1252 2393; x_wconf 68' lang='lat' dir='ltr'><strong>citra</strong></span> <span class='ocrx_word' id='word_1_537' title='bbox 1272 2362 1369 2392; x_wconf 79' lang='lat' dir='ltr'><strong>Annae</strong></span> <span class='ocrx_word' id='word_1_538' title='bbox 1395 2363 1568 2399; x_wconf 68' lang='lat' dir='ltr'><strong>Comnena&#39;,</strong></span> <span class='ocrx_word' id='word_1_539' title='bbox 1597 2370 1690 2401; x_wconf 83' lang='lat' dir='ltr'><strong>quam</strong></span> 
     </span>
    </p>
   </div>
   <div class='ocr_carea' id='block_1_47' title="bbox 88 2403 1029 2448">
    <p class='ocr_par' dir='ltr' id='par_1_47' title="bbox 88 2403 1029 2448">
     <span class='ocr_line' id='line_1_47' title="bbox 88 2403 1029 2448; baseline 0.004 -13"><span class='ocrx_word' id='word_1_540' title='bbox 88 2405 164 2437; x_wconf 89' lang='lat' dir='ltr'><strong>brevi</strong></span> <span class='ocrx_word' id='word_1_541' title='bbox 177 2413 408 2448; x_wconf 76' lang='lat' dir='ltr'><strong>exspectamus,</strong></span> <span class='ocrx_word' id='word_1_542' title='bbox 425 2417 499 2439; x_wconf 85' lang='lat' dir='ltr'><strong>cura</strong></span> <span class='ocrx_word' id='word_1_543' title='bbox 517 2412 546 2439; x_wconf 87' lang='lat' dir='ltr'><strong>et</strong></span> <span class='ocrx_word' id='word_1_544' title='bbox 564 2403 668 2438; x_wconf 74' lang='lat' dir='ltr'><strong>studio</strong></span> <span class='ocrx_word' id='word_1_545' title='bbox 689 2408 725 2437; x_wconf 84' lang='lat' dir='ltr'><strong>R.</strong></span> <span class='ocrx_word' id='word_1_546' title='bbox 743 2408 777 2438; x_wconf 80' lang='grc' dir='ltr'><strong>Ρ.</strong></span> <span class='ocrx_word' id='word_1_547' title='bbox 796 2408 879 2438; x_wconf 83' lang='lat' dir='ltr'><strong>Petri</strong></span> <span class='ocrx_word' id='word_1_548' title='bbox 898 2409 1029 2440; x_wconf 83' lang='lat' dir='ltr'><strong>Possini.</strong></span> 
     </span>
    </p>
   </div>
  </div>
