1868 3044
166 107 202 139 87

800 101 911 132 ΑΝΝᾸΞ
931 100 1120 130 (ῙΟΜΧΕΝᾹΞ

1745 99 1791 129 $8

167 163 342 191 meditatimie
357 161 535 189 scientiarum
555 160 727 194 lectioneque
746 166 776 185 ac
791 157 927 186 eruditiori

1021 157 1047 184 αὶ
1063 157 1175 193 χάριτος
1200 156 1398 193 ἐπιτρεχούσης
1420 157 1477 189 τοϊς
1493 156 1597 191 μέλεσι,
1618 155 1666 183 καὶ
1692 156 1791 188 εἴδους

162 209 249 241 varia,
271 208 329 236 sive
345 212 485 235 externam
498 208 555 234 sive
569 207 720 233 nostratem
743 204 835 235 malis.
848 203 929 231 eodcu

1021 204 1046 230 ix
1063 203 1140 236 ἀξίου
1156 203 1314 239 τυραννίδος
1328 203 1377 238 (ὥς
1397 211 1470 234 τινες
1484 202 1611 236 λέγουσιν
1627 202 1682 237 (8))
1711 201 1790 228 ἀλλὰ

163 255 214 282 hoc
229 254 407 282 instructior?
419 252 478 280 1am
488 253 549 288 quis
558 252 652 288 gratize
667 252 741 287 lepos
755 258 787 277 es
799 254 854 277 tota
872 249 945 277 εἰπο-

162 307 274 328 ιὀεοεῐιε
302 307 403 335 perque
427 303 511 326 totam
546 299 648 327 eﬂ'usus
678 304 833 333 compagem
861 303 945 323 mem-

161 346 286 378 brorum,
310 346 402 381 specie
424 353 455 373 ac
481 345 568 372 forma
594 353 648 372 non
676 344 775 375 solum,
794 343 867 377 quod
890 342 944 369 dici

161 392 240 425 solet,
257 392 339 427 digna
356 392 482 426 imperio,
506 391 554 419 sed
576 390 697 418 divinam
715 390 871 425 quampiam
886 388 944 423 spi-

160 442 236 464 rante
252 437 422 472 maiestatem
436 438 447 465 ?
464 437 596 472 Equidem
619 437 713 471 ignara
734 434 876 463 malorum'
889 443 942 462 non

160 491 233 516 sum,
260 483 320 511 aliis
345 485 445 518 passim
473 491 487 510 a
502 483 619 519 pueritia
644 482 773 518 gravibus
797 486 825 509 et
849 482 942 509 multis

159 529 278 556 exercita
294 529 415 556 casibus.
427 529 477 556 Ubi
491 530 563 557 enim
578 530 640 565 quis
655 529 797 564 exceperit
812 527 941 555 nascendi

162 574 332 607 felicitatem,
361 580 493 609 angustos
518 581 655 610 parentes,
685 580 711 602 et
737 582 885 610 purpuram
914 574 941 600 in

159 628 213 655 qua
237 625 344 655 reptare
370 621 436 648 mihi
453 622 577 657 contigit,
594 627 691 649 czetcra
713 621 820 656 quidem
847 625 942 649 nostra

159 667 182 694 si
199 667 347 694 attenderit
375 668 454 695 facile
470 673 625 702 agnoscet:
648 668 783 696 fortunam
809 667 899 695 statim
926 675 941 695 a

159 714 240 748 regiis
259 714 326 747 illis,
342 722 411 749 quas
426 715 492 746 dixi,
508 715 586 743 cunis
602 722 633 743 ac
657 715 761 747 fasciis,
779 714 857 749 quasi
882 718 942 749 po.~t

159 759 296 786 modicum
314 765 341 787 et
356 760 490 795 perfidum
508 761 638 793 arrisum,
653 765 764 795 repente
781 760 941 787 obnubilato

160 807 234 833 vultu
252 807 278 833 in
293 807 376 833 vitam
403 807 503 835 deinde
520 815 606 835 meatu
640 808 772 842 reliquam
792 807 860 834 nihil
887 806 939 834 nisi

158 852 268 880 nimbos
284 857 311 881 et
323 853 458 887 proeellas
473 853 633 881 immisisse.
649 853 756 885 Quibus
777 853 862 884 enim,
888 853 940 879 hcu

159 899 218 925 mel
237 899 404 934 quantisque
426 899 529 933 iactata
556 898 695 931 fluctibus,
713 906 793 933 quam
813 898 892 925 smvis
911 905 942 924 ac

158 945 366 976 vehementibus
389 945 548 972 incursibus
568 944 790 979 impulsibusque
805 950 940 971 concussa

156 992 235 1017 smul
252 991 388 1026 Orpheum
414 993 506 1019 ferunt
533 991 598 1018 dum
615 996 728 1018 caneret
745 990 941 1018 concilassein

158 1042 262 1065 motum
289 1046 371 1074 rupes
394 1046 426 1066 ac
463 1038 557 1071 silvas,
584 1044 768 1072 cmteramquc
811 1042 939 1064 naturam

156 1092 256 1111 sensus
281 1090 433 1119 expertem.
462 1084 636 1111 Timotheum
665 1091 775 1119 quoque
799 1084 939 1111 tibicinem

155 1130 200 1156 ubi
217 1138 337 1162 carmen,
367 1131 440 1165 quod
458 1129 585 1157 Orthinm
615 1136 724 1161 vocant,
750 1137 844 1157 coram
866 1136 941 1158 esset

155 1176 310 1203 Alexandro
323 1176 492 1209 modulatus,
507 1177 542 1203 ita
552 1176 616 1203 imis
628 1176 758 1203 sensibus
772 1176 940 1210 pcrmovisse

155 1220 341 1253 Macedonem,
367 1226 396 1248 ut
425 1222 449 1249 is
466 1222 498 1248 ad
527 1229 604 1249 arma
623 1227 734 1257 repente
761 1230 793 1250 ac
819 1222 937 1257 gladium

155 1271 256 1294 rueret.
269 1267 324 1301 Ego
339 1267 361 1294 si
376 1275 449 1295 meas
461 1267 632 1296 calamitates
646 1268 784 1303 explicare
797 1276 937 1304 pergeretur

155 1313 303 1346 narrando,
320 1321 375 1341 non
389 1314 514 1349 equidem
533 1315 566 1342 ad
577 1314 798 1350 progressionem
817 1319 862 1341 aut
876 1323 939 1342 cur-

154 1369 227 1394 sum,
244 1370 335 1396 neque
350 1363 382 1389 ad
405 1370 480 1390 arma
497 1370 660 1398 pugnamve,
686 1362 732 1390 sed
749 1368 823 1390 certe
848 1364 881 1390 ad
898 1364 937 1390 Ia-

152 1416 262 1443 rrymas
279 1410 449 1443 speraverint
478 1417 521 1437 me
547 1413 747 1437 commoturum
775 1410 936 1437 auditorem.

152 1454 311 1482 Auditorem
327 1454 409 1482 dico?
425 1455 506 1482 etiam
524 1455 625 1482 animal
647 1456 774 1490 quodvis.
794 1457 875 1484 etiam
894 1464 936 1485 res

958 831 978 859 Β

997 250 1045 277 καὶ
1074 250 1214 286 θειοτέρας
1242 250 1289 277 καὶ
1318 250 1489 285 κρείττονος]
1521 249 1626 283 Ἕγωγ⁵
1659 249 1707 275 οὖν
1733 249 1791 275 καὶ

997 297 1103 328 πολλοῖς
1124 297 1214 328 ἄλλοις
1234 296 1457 332 προσωμιλήκειν
1470 295 1567 326 δεινοῖς
1582 294 1629 330 (9),
1640 295 1671 321 ἐκ
1688 294 1789 328 μέσων

995 343 1050 370 τῶν
1068 342 1239 378 πορφυρόθεν
1266 342 1442 378 σπαργάνων,
1455 341 1492 373 ὥς
1515 341 1601 372 οὕτως
1617 341 1716 372 εἰπεῖν,
1731 340 1789 366 καὶ

994 390 1094 425 τύχαις
1119 389 1280 425 ἐχρησάμην
1304 390 1354 415 οὐκ
1370 389 1504 423 ἀγαθαῐς’
1530 388 1553 414 si
1582 388 1618 422 μή
1642 395 1684 418 τις
1705 386 1789 413 θεῖτο

995 437 1080 472 τύχην
1112 437 1163 464 οὐκ
1190 435 1296 472 ἀγαθὴν
1314 436 1360 462 καὶ
1377 433 1596 470 προσμειδιῶσάν
1610 441 1655 468 μοι
1675 433 1728 468 τήν
1748 441 1786 458 τε

994 483 1161 518 γειναμένην
1191 482 1277 517 αὐτὴν
1316 482 1361 509 καὶ
1385 481 1431 508 τὸν
1455 481 1569 508 τεκόντα
1599 480 1662 511 τοὺς
1695 479 1788 506 αὖτο-

994 528 1143 564 κράτορας,
1172 529 1218 555 καὶ
1242 528 1291 564 τὴν
1315 528 1458 563 πορφύραν
1489 525 1580 562 ἐφ’ἧς
1601 526 1785 561 ὲόλάστησαο

992 577 1026 603 τὰ
1045 576 1099 611 γὰρ
1119 576 1197 607 ἄλλα,
1215 575 1265 611 φεῦ
1278 575 1334 602 τῶν
1350 575 1496 610 κυμάτωνῐ
1523 573 1573 608 φεῦ
1595 573 1651 599 τῶν
1676 574 1787 599 ἐπανα-

994 623 1131 651 στάσεωνῐ
1159 622 1274 658 Ὀρφεὺς
1293 622 1343 657 μὲν
1358 620 1405 649 οὖν
1422 621 1492 657 ᾄδων
1515 622 1561 648 καὶ
1586 620 1677 651 λῖθους
1693 619 1785 646 ἐκίνει

993 669 1041 697 καὶ
1065 669 1144 702 ξύλα,
1168 669 1215 696 καὶ
1244 668 1295 704 τὴν
1314 668 1416 703 ἄψυχον
1443 667 1535 699 ἁπλῶς
1564 667 1644 701 φύσιν
1665 674 1673 682 ο
1689 665 1785 700 ma-

993 717 1054 748 Θεος
1073 716 1129 752 (i0)
1148 716 1176 743 δὲ
1188 717 1201 742 ό
1217 715 1337 751 αὑλητὴς
1348 715 1394 741 τὸν
1412 714 1502 749 ὅρθιόν
1515 721 1580 740 ποτε
1609 712 1786 746 Ἀλεξάνδρῳ

992 763 1126 799 αὐλήσας,
1156 763 1198 794 εἰς
1225 762 1259 789 τὰ
1278 761 1349 788 ὅπλα
1376 759 1548 796 παραχρῆμα
1574 759 1622 786 καὶ
1651 758 1683 784 τὸ
1701 757 1787 791 ξίφος

993 809 1076 836 ἐκίνει
1089 808 1134 835 τὸν
1146 808 1299 835 Μακεδόνα.
1311 807 1352 834 Τὰ
1363 807 1392 834 δέ
1408 815 1440 841 γε
1458 806 1519 833 κατ’
1537 805 1587 840 ἐμὲ
1616 804 1785 839 διηγήματα

994 855 1023 881 οὐ
1040 854 1158 889 τοπικήν
1172 862 1232 880 τινα
1249 854 1367 888 κίνησιν,
1379 852 1439 880 οὐδὲ
1450 852 1518 888 πρὸς
1531 851 1600 878 ὅπλα
1615 851 1662 877 καὶ
1675 850 1785 886 μάχην,

993 901 1051 928 ἀλλ’
1067 902 1095 932 ἐς
1110 900 1217 935 δάκρυα
1238 899 1284 926 τὸν
1304 899 1443 934 ἀκροατὴν
1459 898 1634 933 συγχινήσειε
1646 906 1653 913 ·
1666 898 1715 924 καὶ
1731 897 1786 923 οὐκ

994 945 1161 981 αἰσθητικὴν
1174 945 1265 980 μόνον,
1280 945 1348 972 ἀλλὰ
1361 945 1408 971 καὶ
1421 944 1525 979 ἄψυχον
1542 943 1624 977 φύσιν
1640 944 1680 972 είς
1694 943 1788 973 πάθος

992 993 1197 1029 καταναγκάτῃ.
1214 992 1252 1018 To
1272 992 1363 1026 μέντοι
1386 990 1517 1021 πάθοςτὸ
1543 990 1609 1025 περὶ
1634 989 1681 1016 τδν
1708 988 1785 1015 Καί-

993 1047 1075 1074 σαρα,
1092 1039 1138 1064 καὶ
1154 1039 1168 1065 ὀ
1183 1037 1243 1064 κατ’
1259 1037 1340 1064 αὑτὸν
1358 1037 1520 1067 ἀνέλπιστος
1546 1035 1673 1067 θάνατος,
1692 1035 1784 1069 αὐτῆς

992 1093 1045 1119 μου
1058 1083 1188 1111 καθίκετο
1202 1084 1251 1119 τῆς
1272 1075 1376 1118 ⁸ψυχῆς,
1391 1084 1440 1110 καὶ
1467 1084 1494 1115 ἐς
1511 1082 1593 1118 βάθος
1615 1083 1645 1109 τὸ
1663 1082 1782 1117 τραῦμα

990 1131 1151 1166 εἰργάσατο.
1181 1131 1237 1157 Καὶ
1252 1130 1373 1165 ἡγοῦμαι
1387 1131 1437 1161 τὰς
1455 1129 1653 1165 προειληφυίας
1671 1137 1781 1163 συμφο-

991 1177 1041 1212 ρὰς
1071 1177 1139 1212 πρὲις
1159 1176 1261 1211 ταύτην
1276 1176 1326 1212 τὴν
1340 1175 1480 1210 ἄπληστον
1504 1175 1648 1210 συμφοράν
1668 1174 1781 1209 ψεκάδα

989 1223 1026 1255 ὡς
1040 1223 1119 1254 ὄντας
1138 1223 1243 1259 (Vivum)
1261 1223 1330 1257 προς
1355 1223 1416 1250 ὅλον
1437 1222 1612 1249 Ἀτλαντικὸν
1644 1222 1778 1255 πέλαγος,

989 1271 1005 1305 ἦ
1023 1270 1070 1297 τοῦ
1090 1269 1263 1306 ’Δδριατικοῦ
1278 1270 1414 1303 πελάγους
1428 1269 1462 1296 τὰ
1478 1268 1600 1304 κύματα.
1613 1268 1722 1295 Μᾶλλον
1734 1267 1777 1299 δὲ.

989 1316 1028 1348 ὼς
1048 1316 1155 1348 ἔοικεν,
1174 1313 1245 1351 ἦσαν
1262 1317 1368 1343 ἐκεῖναι
1383 1315 1486 1342 τούτων
1504 1315 1635 1349 προοίμια
1646 1322 1653 1330 ·
1670 1313 1719 1340 καί
1742 1321 1779 1348 με

990 1361 1255 1397 προκατελάμϐανεν
1276 1363 1290 1389 ὁ
1308 1360 1412 1393 καπνὸς
1430 1360 1478 1388 τοῦ
1495 1360 1654 1396 κιιμινιαίου
1675 1359 1778 1386 τούτου

990 1409 1076 1444 πυρὸς
1088 1429 1095 1439 ,
1113 1409 1160 1436 καὶ
1176 1410 1190 1435 ὀ
1208 1408 1319 1435 καύσων
1342 1409 1446 1439 ἐκεῖνος
1461 1409 1510 1443 τῆς
1526 1408 1646 1443 ἀρῤήτου
1669 1406 1778 1440 ταύτης

989 1455 1163 1491 φλογὼσεως,
1190 1455 1238 1482 καὶ
1250 1456 1284 1482 τὰ
1299 1455 1360 1481 καθ’
1381 1455 1488 1489 ἡμέραν
1503 1454 1587 1488 πυρὸς
1601 1453 1650 1488 τῆς
1667 1453 1776 1487 ἀφάτου

151 1501 251 1528 animae
269 1509 301 1528 ac
321 1509 419 1528 sensus
434 1505 560 1535 expertes
574 1510 616 1529 me
643 1502 671 1529 in
688 1502 929 1530 commiserationi:

1021 1502 1139 1537 »ρκαῖᾶς.
1166 1502 1198 1528 Ὢ
1232 1502 1316 1538 πυρές
1345 1502 1409 1528 ἄνευ
1438 1502 1503 1536 ὕλης
1534 1499 1776 1535 άποτεφροῦντοςῐ

152 1553 264 1573 sensum
284 1545 329 1573 tali
347 1546 472 1573 oratione
488 1546 644 1574 adacturam
660 1547 812 1575 crederem.
824 1547 935 1575 Verum-

153 1596 243 1618 tamen
263 1599 325 1618 cum
342 1591 388 1618 illa
409 1595 485 1619 tanta
504 1595 613 1627 tamque
630 1593 704 1620 varia
722 1593 777 1620 sint
792 1601 852 1629 quae
875 1602 934 1621 sum

152 1637 180 1663 in
206 1637 261 1664 vita
279 1645 420 1672 perpessa,
451 1641 508 1665 tum
535 1638 608 1665 inter
638 1638 683 1666 illa
716 1643 807 1666 tamen
831 1644 935 1667 tantum

151 1681 255 1708 eminet
281 1682 500 1716 inopinatissima
530 1690 604 1711 mors
622 1684 672 1711 mei
696 1683 823 1714 Caesaris,
845 1685 937 1720 itaque

152 1727 220 1755 mihi
239 1728 349 1762 penitus
375 1728 402 1756 in
421 1729 554 1757 medullas
585 1730 668 1757 animi
684 1731 805 1766 pervasit
824 1731 850 1758 id
877 1732 937 1759 vul—

153 1782 217 1806 nus,
237 1778 267 1801 ut
291 1775 360 1801 mala
378 1775 470 1810 priora
485 1776 575 1803 omnia
588 1776 621 1804 ad
639 1784 702 1804 eum
721 1777 820 1805 collata
842 1785 935 1806 casum

151 1824 234 1853 guttae
263 1821 350 1848 instar
364 1829 396 1848 ac
415 1822 495 1849 stillat
519 1822 619 1850 habere
639 1823 741 1850 soleam
765 1824 798 1850 ad
824 1824 936 1859 pelagus

152 1867 318 1894 Atlanticum
333 1866 468 1895 ﬂuclusve
484 1868 639 1895 Adriaticos
662 1873 835 1903 comparatae.
852 1869 937 1895 Nimi-

154 1920 212 1939 rum
243 1913 288 1939 illa
325 1914 513 1947 praeludebant
546 1917 623 1940 tanto
657 1914 754 1948 majori
787 1922 819 1942 ac
851 1915 937 1942 multo

152 1959 277 1986 maximae
293 1959 361 1986 cladi
375 1960 507 1994 prommia
525 1960 736 1994 rutlimeutaque
750 1960 935 1995 miseriarum,

152 2003 245 2032 fumus
264 2004 308 2031 illa
325 2004 408 2039 hujus
432 2004 503 2040 ignis
530 2004 650 2036 fuerant,
674 2012 771 2039 meque
792 2009 848 2032 tum
874 2013 936 2033 cum

153 2050 197 2077 illa
214 2055 322 2084 paterer
337 2050 456 2085 prmvius
472 2050 606 2077 duntaxat
619 2054 646 2077 et
659 2050 813 2078 tolerabilis
828 2050 937 2079 afﬂabat

152 2104 238 2130 vapor
266 2096 393 2123 immensi
422 2096 512 2123 adhuc
536 2096 666 2124 distantis
691 2096 834 2129 incendii,
857 2097 936 2132 cnjns

152 2150 225 2169 nunc
252 2150 294 2169 me
322 2142 429 2169 demum
456 2149 576 2177 praesens
602 2142 707 2170 flamma
738 2143 886 2171 consumit.
913 2143 935 2171 0

152 2186 241 2220 ignem
259 2187 318 2214 sine
343 2187 457 2214 materia
472 2187 649 2222 ﬂagranteml
675 2188 763 2222 ignem
791 2188 937 2222 penetrali-

152 2231 204 2258 bus
219 2231 302 2258 animi
324 2231 519 2260 secretissimis
534 2239 632 2259 arcana
657 2232 716 2259 face
735 2232 890 2260 subditum!
910 2237 938 2260 et

151 2282 275 2305 urentem
292 2278 415 2312 quidem,
431 2286 486 2306 non
501 2282 708 2308 consumentem
720 2279 826 2306 tamen!
846 2279 936 2313 Ignem

150 2323 197 2357 qui
214 2330 262 2350 cor
283 2324 320 2351 ita
337 2329 507 2357 cuncremat,
534 2328 564 2351 ut
588 2324 707 2359 speciem
736 2325 873 2360 relinquat
896 2326 936 2352 vi-

149 2370 241 2397 ventis
259 2370 319 2405 ejus
343 2370 434 2398 adhuc
457 2376 484 2398 et
502 2370 628 2404 vigentis,
651 2375 707 2397 tum
733 2371 850 2397 maxime
872 2378 934 2398 cum

151 2424 239 2451 usque
255 2417 288 2444 ad
310 2424 371 2444 ossa
390 2416 589 2452 medullasque,
605 2424 666 2443 cum
690 2424 777 2450 usque
808 2416 841 2444 ad
865 2416 935 2444 divi-

151 2463 257 2490 sionem
274 2463 371 2490 animae
385 2470 417 2490 ac
437 2462 552 2498 spiritus
572 2462 613 2490 vis
630 2462 691 2497 ejus
715 2462 831 2489 ﬂammae
853 2470 935 2497 pene-

152 2508 281 2535 traverit!
299 2509 351 2536 Sed
368 2509 422 2544 jam
449 2516 493 2535 me
516 2508 605 2535 sentio
624 2508 830 2542 perturbatione
853 2508 932 2535 fami-

151 2555 212 2583 liari
225 2556 323 2584 elatam
336 2556 364 2583 in
390 2559 503 2592 questus
516 2555 621 2583 alienos
644 2562 659 2581 a
681 2555 831 2590 proposito.
859 2555 935 2583 Fecit

951 2169 973 2197 ο

989 1549 1075 1584 πυρὸς
1089 1549 1118 1575 ἐν
1136 1548 1305 1584 ἀπορρήτοις
1329 1547 1563 1583 δᾳδουχουμένουί
1580 1548 1626 1574 καὶ
1646 1546 1777 1578 καίοντος

990 1595 1049 1629 μὲν,
1070 1594 1107 1630 μὴ
1120 1594 1341 1629 καταφλέγοντος
1356 1594 1385 1620 δέ
1398 1602 1405 1609 ⁸
1423 1594 1470 1621 καὶ
1485 1593 1535 1629 τὴν
1566 1593 1678 1628 καρδίαν
1698 1591 1778 1628 [μὲν]

991 1640 1225 1675 περιφρὺγοντος,
1247 1639 1325 1671 δόξαν
1353 1639 1380 1666 δὲ
1397 1639 1575 1674 παρέχοντος,
1603 1639 1644 1665 ὅτι
1660 1639 1690 1664 οὐ
1713 1646 1780 1665 συν-

988 1687 1149 1721 εφρύγημεν
1177 1693 1184 1701 ’
1200 1685 1292 1712 καίτοι
1312 1685 1409 1720 μέχρις
1435 1685 1551 1716 ὀστέων,
1579 1685 1626 1711 καὶ
1655 1684 1779 1718 μυελῶν,

988 1734 1036 1761 καὶ
1055 1732 1190 1769 μερισμοῦ
1207 1732 1299 1767 ψυχῆς
1325 1732 1376 1763 τὰς
1402 1732 1595 1767 πυρακτώσεις
1620 1731 1779 1766 δεξάμενοι.

994 1779 1076 1807 Ἀλλὰ
1101 1779 1157 1814 γὰρ
1177 1778 1300 1813 ἐμαυτῆς
1326 1778 1502 1813 αἰσθάνομαι,
1520 1778 1565 1804 διὰ
1590 1777 1676 1804 ταῦτα
1702 1786 1780 1812 παρ-

988 1825 1172 1860 ενηνεγμένης
1193 1825 1240 1851 τοῦ
1267 1825 1458 1859 προκειμένου.
1479 1825 1534 1851 Καὶ
1556 1824 1570 1850 ὁ
1591 1824 1700 1859 Καῖσάρ
1729 1833 1779 1859 μοι

989 1871 1114 1903 ἐπιστὰς,
1144 1871 1192 1898 καὶ
1219 1872 1253 1907 τῇ
1275 1870 1322 1898 τοῦ
1347 1870 1389 1907 [τὸ
1414 1870 1473 1905 τοῦ]
1499 1871 1638 1906 Καίσαρος
1663 1871 1778 1903 πένθος,

988 1916 1087 1948 πένθος
1104 1926 1149 1952 μοι
1164 1917 1299 1949 ἐπέσταξε
1317 1917 1471 1951 διωλύγιον.
1487 1917 1667 1951 ’Λποψήσασα
1683 1916 1731 1942 οὖν
1748 1917 1781 1942 τὸ

987 1962 1105 1997 δάκρυον
1120 1962 1175 1988 τῶν
1200 1962 1344 1997 ὀμμάτων,
1366 1962 1412 1988 καὶ
1436 1961 1560 1997 ἐμαυτὴν
1584 1961 1778 1996 ἀναλεξαμένη

991 2007 1039 2034 τοῦ
1056 2007 1179 2041 πάθους,
1203 2008 1258 2035 τῶν
1287 2008 1351 2042 ἑξῆς
1374 2007 1484 2043 ἕξομαι,
1514 2007 1596 2035 διπλᾶ
1614 2008 1697 2044 (κατὰ
1724 2009 1780 2042 τὴν

988 2053 1143 2088 τραγῳδίαν
1177 2051 1250 2089 [11])
1273 2053 1456 2088 κερδαίνουσιν.
1489 2053 1605 2088 δάκρυα,
1640 2050 1697 2079 οἷον
1728 2053 1779 2079 ἐπὶ

989 2100 1118 2135 συμφορᾷ
1135 2099 1276 2134 συμφορᾶς
1290 2099 1453 2134 μεμνημένη
1465 2107 1472 2115 ·
1501 2099 1531 2125 τὸ
1559 2099 1614 2133 γὰρ
1628 2099 1668 2129 είς
1689 2098 1779 2132 μέσον

988 2145 1129 2181 προθεῖναι
1141 2145 1263 2172 τοιούτου
1277 2145 1411 2180 βασιλέως
1421 2144 1561 2176 ὑπόθεσιν,
1578 2145 1625 2171 καὶ
1642 2144 1778 2171 τοσούτου

988 2192 1056 2227 πρὸς
1074 2191 1174 2226 ἀρετὴν
1184 2211 1191 2223 ,
1217 2191 1371 2226 ἀνάμνησίς
1390 2191 1448 2217 ἐστι
1466 2191 1512 2217 κοιλ⁴
1526 2191 1581 2217 τῶν
1595 2191 1656 2217 κατ’
1669 2191 1779 2217 ἐκεῖνον

986 2237 1153 2272 θαυμάτων·
1184 2236 1256 2272 ἅπερ
1282 2237 1356 2271 κάμὲ
1382 2237 1452 2271 πρὸς
1483 2236 1590 2271 δάκρυα
1615 2236 1778 2270 θερμότατα

986 2282 1157 2317 καταφέρει,
1177 2282 1248 2317 μετὰ
1264 2282 1355 2316 πάσης
1381 2282 1430 2316 τῆς
1448 2282 1614 2317 οἰκουμένης
1634 2282 1777 2316 δακρύου-

987 2336 1047 2355 σαν.
1061 2327 1098 2354 Τὸ
1110 2327 1166 2362 γὰρ
1180 2327 1283 2353 ἐκείνου
1298 2327 1468 2362 μεμνῆσθαι,
1491 2327 1538 2354 καὶ
1555 2327 1603 2363 τὴν
1619 2327 1702 2353 αὐτοῦ
1724 2327 1777 2362 βα-

987 2373 1092 2400 σιλείαν
1108 2374 1149 2404 εἰς
1167 2373 1250 2407 μέσον
1266 2373 1355 2407 ἄγειν,
1372 2373 1435 2407 ἐμοὶ
1448 2373 1497 2408 μὲν
1512 2373 1619 2408 θρήνων
1632 2373 1775 2406 ὑπόθεσις,

986 2419 1043 2450 τοῖς
1060 2419 1152 2450 ἄλλοις
1168 2418 1197 2445 δὲ
1222 2418 1326 2453 ζημίας
1340 2418 1505 2454 ἀνάμνησις.
1530 2420 1661 2454 ’Λρκτέον
1680 2420 1775 2446 τοίνυν

988 2465 1093 2492 ἐνθένδε
1102 2465 1152 2498 τῆς
1165 2465 1284 2500 ἱστορίας
1294 2465 1340 2492 τοῦ
1353 2465 1416 2500 ’μοῦ
1432 2465 1544 2501 πατρὸς,
1556 2466 1617 2492 ὅθεν
1630 2466 1677 2492 καὶ
1687 2466 1775 2500 ἆρχε-
1811 2460 1814 2463 λ

987 2510 1049 2537 σθαι
1071 2510 1199 2545 ἄμεινον·
1218 2511 1329 2545 ἄμεινον
1351 2510 1380 2536 δὲ
1406 2510 1468 2537 ὅθεν
1486 2511 1652 2547 σαφέπιρός
1672 2519 1701 2537 τε
1724 2511 1774 2537 καὶ

989 2555 1196 2591 ἱστορικώτερος
1211 2557 1225 2583 ὸ
1241 2555 1318 2590 λόγος
1333 2557 1489 2591 γενήσεται.

698 2650 764 2679 Car.
780 2649 935 2679 Dutresnn
951 2649 998 2680 Du
1009 2649 1114 2689 Cangii
1130 2652 1225 2681 notae.

190 2721 229 2755 (8)
254 2719 387 2755 Purphyr.
419 2720 487 2755 Ῑιερὶ
513 2719 599 2751 εἴδους
624 2718 747 2747 Stobaeus
781 2718 852 2752 λόγῳ
879 2717 930 2752 ἄγ’.

154 2756 253 2783 Athen.
274 2755 292 2782 I.
310 2754 357 2782 sui
372 2763 404 2782 ex
420 2754 560 2788 Euripide.

189 2791 228 2824 (9)
246 2791 364 2822 Ἀλλοις
373 2787 614 2824 προσωιὶιλήκειν
626 2787 747 2824 δεινοῖς.
760 2788 845 2815 Anna:
855 2788 929 2815 caia-

155 2822 263 2853 inita'tes
280 2833 310 2853 cx
325 2822 399 2861 parte
416 2822 506 2852 narrat
521 2824 627 2851 Nicetas
650 2823 675 2849 in
692 2822 768 2849 Joan.

1021 2719 1078 2755 (l0)
1096 2721 1245 2754 Τιμόθεος.
1269 2720 1404 2755 Timothei
1427 2720 1580 2748 Citharmdi
1608 2719 1769 2755 praeclarum

991 2754 1080 2782 exstat
1092 2756 1291 2790 elogiumrapud
1307 2754 1458 2782 Himerium
1474 2754 1642 2790 Sophistain.

1020 2790 1076 2825 (ll)
1095 2789 1188 2825 Eurip.
1208 2789 1307 2817 ﬁet-ub.
1321 2798 1348 2818 ν.
1366 2790 1417 2817 518
