1868 3044
167 116 203 148 87

801 110 912 142 ANK-Ii
933 110 1034 140 COMN
1040 109 1122 140 ENtE

1750 108 1786 139 $8

168 171 343 200 meditatiOne
359 170 536 198 scientiarum
556 168 728 203 lectioneque
747 174 777 195 ac
792 166 929 194 eruditiou

1021 166 1048 194 ut
1065 166 1176 202 χάριτος
1200 166 1399 202 ἑπιτρεχούσης
1420 166 1477 198 τοῖς
1493 165 1598 201 μέλεσι,
1618 164 1666 192 καὶ
1693 166 1787 198 εῐδους

163 218 250 251 varia,
271 217 329 245 sive
346 221 485 244 externam
498 216 555 243 sive
570 218 720 242 nostratem
744 213 836 244 malis,
850 212 929 240 eoder

1021 213 1047 240 lx
1064 213 1140 245 ἀξίου
1157 213 1314 249 τυραννίδος
1329 212 1377 247 (ὥς
1398 220 1470 244 τινες
1484 212 1612 245 λέγουσιν
1627 211 1682 246 (8))
1713 210 1785 238 ἀλλά

164 264 215 291 hoc
230 263 408 291 instructior?
421 261 479 289 Jam
489 261 550 297 quis
559 261 653 296 gratiae
669 260 743 296 lepos
756 267 788 286 ex
800 263 855 286 tota
873 258 947 286 emo-

162 316 275 336 resccns
303 316 404 344 perque
427 312 511 336 totam
547 308 649 336 eﬂ'usus
679 313 834 341 compagem
861 312 946 332 mem-

163 355 286 387 brorum,
310 354 402 390 specie
424 362 456 382 ae
482 353 569 382 forma
595 361 649 381 non
677 353 776 384 solum.
795 352 868 386 quod
891 351 944 378 dici

161 400 241 434 Solet,
257 400 338 436 digna
357 401 483 435 imperio,
507 400 555 428 sed
577 399 698 427 divinam
716 398 872 434 quampiam
887 397 945 432 spi-

160 450 236 473 rante
252 447 447 481 maiestatem?
465 446 596 481 Equidem
619 446 713 480 ignara
734 443 877 471 malorum‘
890 451 943 471 non

161 500 233 524 sum,
261 492 320 520 aliis
344 493 445 527 passim
473 500 487 519 a
502 492 619 527 pueritia
645 491 774 527 gravibus
798 495 825 518 et
849 490 943 518 multis

160 538 278 565 exercita
294 538 415 565 casibus.
426 537 477 565 Ubi
491 538 563 566 enim
578 538 641 574 quis
655 537 797 573 exceperit
813 536 942 565 nascendi

162 583 332 616 felicitatem,
361 589 493 618 augustos
517 589 656 618 parentes,
685 589 711 611 et
737 591 885 619 purpuram
914 583 941 610 in

159 637 212 664 qua
237 634 344 664 reptare
370 630 436 657 mihi
453 630 577 665 contigit,
594 635 691 658 cit-tera
713 629 821 665 quidem
848 634 942 658 nostra

159 675 182 703 si
198 676 347 703 attenderit
375 677 454 704 facile
470 682 626 711 agnoscet:
648 677 784 704 fortunam
809 677 900 705 statim
927 684 942 704 a

159 722 241 756 regiis
259 723 326 756 illis,
342 731 411 758 quas
426 723 492 755 dixi,
508 724 587 751 cunis
602 731 633 752 ac
657 724 761 756 fasciis,
779 724 857 758 quasi
883 727 942 758 post

159 768 296 795 modicum
314 773 341 795 et
357 769 490 803 perﬁdum
508 769 638 802 arrisum,
654 774 765 804 repente
781 769 942 797 obnubilato

160 816 234 842 vultu
252 815 279 842 in
293 815 376 842 vitam
403 816 504 844 deinde
520 823 606 843 meam
640 817 773 851 reliquam
793 816 860 843 nihil
888 816 940 843 nisi

159 861 268 889 nimbos
284 866 311 889 et
323 862 458 896 procellas
474 862 633 889 immisisse.
650 862 756 894 Quibus
778 861 863 893 enim,
889 862 940 888 heu

159 908 218 934 mel
237 908 405 942 quantisque
426 907 530 942 iactata
556 907 695 940 ﬂuctibus,
713 915 794 942 quam
813 907 893 934 sawis
912 914 943 933 ac

158 953 367 984 \elgementibus
390 953 548 981 incursibus
568 953 791 988 impulsibusque
806 959 941 981 concussa

156 1000 235 1026 sumi
252 999 388 1035 Orphetun
414 1001 506 1028 ferunt
533 1000 598 1027 dum
616 1005 728 1027 caneret
746 1000 903 1028 concitasse
914 999 942 1026 in

158 1051 261 1074 motum
289 1055 371 1082 rupes
394 1055 426 1075 ac
464 1047 557 1080 silvas,
584 1053 768 1082 czetcramque
812 1051 940 1074 naturam

155 1100 256 1120 sensus
281 1099 434 1128 expertem.
462 1093 636 1121 Timotheum
665 1100 775 1128 quoque
800 1093 939 1120 tibicinem

155 1139 200 1165 ubi
216 1146 337 1171 carmen,
367 1140 440 1174 quod
459 1139 586 1166 Orthium
615 1145 724 1170 vocant,
751 1147 845 1167 coram
867 1145 942 1167 esset

155 1185 310 1212 Alexandro
323 1185 492 1218 modulatus,
507 1185 542 1212 ita
553 1185 616 1212 imis
629 1185 758 1213 sensibus
773 1186 941 1220 permovisse

155 1229 342 1262 Macedonem,
367 1236 396 1258 ut
425 1232 449 1259 is
466 1232 498 1258 ad
528 1238 604 1258 arma
624 1236 734 1266 repente
762 1239 794 1259 ac
820 1231 937 1266 gladium

155 1281 256 1303 rueret.
269 1277 324 1311 Ego
339 1277 362 1304 si
376 1285 449 1305 meas
460 1277 633 1305 calamitates
647 1278 785 1312 explicare
798 1285 937 1313 pergerem

155 1322 303 1355 narrando,
321 1331 375 1350 non
389 1323 515 1358 equidem
533 1324 566 1351 ad
577 1323 798 1359 progressionem
817 1328 863 1350 ant
876 1332 939 1352 cur-

154 1379 226 1404 sum,
244 1379 335 1405 neque
350 1372 382 1398 ad
405 1379 480 1399 arma
497 1379 661 1407 pugnamve,
686 1372 733 1399 sed
749 1377 824 1400 certe
849 1373 881 1399 ad
899 1373 937 1399 la-

151 1425 261 1453 crymas
279 1419 449 1452 speraverint
478 1426 521 1446 nte
547 1422 747 1446 commoturum
775 1419 936 1446 auditorem.

152 1463 311 1492 Autlitorem
327 1464 409 1491 dico?
425 1465 506 1492 etiam
524 1464 625 1492 animal
647 1465 775 1499 quodvis.
794 1466 875 1493 etiam
894 1474 937 1494 res

998 260 1046 286 καὶ
1075 260 1215 295 Θειοτέρας
1243 260 1290 286 καὶ
1319 259 1490 294 κρείττονοςί
1521 259 1626 293 Ἐγωγ⁹
1659 259 1708 285 οὖν
1736 259 1786 284 καὶ

998 306 1104 338 πολλοῖς
1125 306 1215 337 ἄλλοις
1234 306 1458 342 προαωμιλήκειν
1471 304 1567 335 δεινοῖς
1582 303 1630 340 (9),
1640 305 1672 331 ὲκ
1690 304 1784 338 μέσων

996 352 1051 379 τῶν
1068 352 1240 388 πορφυρόθεν
1266 352 1442 387 σπαργάνων.
1455 351 1492 382 ὥς
1516 350 1602 381 οὕτως
1618 351 1717 381 εἰπεῖν,
1733 349 1784 375 καὶ

995 399 1094 435 τύχαις
1120 399 1281 434 ἐχρησάμην
1305 399 1354 425 οὐκ
1370 398 1505 432 ἀγαθαῖς·
1530 397 1554 423 εί
1583 397 1619 431 μή
1643 404 1685 428 τις
1707 395 1784 422 θεῖτο

996 446 1081 481 τύχην
1113 446 1164 473 οὐκ
1191 445 1296 481 ἀγαθὴν
1314 445 1361 472 καὶ
1377 443 1596 479 προσμειδιῶσάν
1611 451 1656 477 μοι
1675 442 1729 477 τήν
1750 450 1782 468 τε

995 492 1161 527 γειναμένην
1192 492 1277 527 αὐτὴν
1316 491 1362 518 καὶ
1386 491 1431 518 τδν
1455 490 1569 517 τεκόντα
1600 489 1663 521 τοὺς
1696 489 1783 516 αὖτο-

995 537 1144 573 κράτορας,
1172 538 1219 564 καὶ
1243 537 1292 573 τήν
1316 537 1459 573 πορφύραν
1490 537 1533 571 ἐφ’
1547 534 1580 572 ἧς
1601 535 1781 570 ἐϐλάστησα-

993 585 1026 612 τὰ
1046 585 1100 620 γὰρ
1120 585 1198 616 ἄλλα,
1216 585 1266 620 φεῦ
1279 584 1335 611 τῶν
1350 584 1497 619 κυμάτωνῐ
1524 582 1574 617 φεῦ
1595 583 1652 608 τῶν
1676 583 1782 608 ἐπανα-

995 633 1132 660 στάσεωνῑ
1160 631 1275 667 Ὀρφεὺς
1294 631 1344 666 μὲν
1359 629 1405 658 οὖν
1422 631 1492 666 ᾄδων
1515 631 1561 657 καὶ
1586 629 1678 660 Milon;
1694 628 1781 655 ἐκίνει

994 679 1042 706 καὶ
1066 678 1144 711 ξύλα.
1169 678 1216 705 καὶ
1245 677 1295 713 τὴν
1314 677 1417 712 ἄψυχον
1443 676 1535 708 ἁπλῶς
1565 676 1645 710 φύσιν
1665 683 1673 691 υ
1690 674 1780 709 Τιμό-

994 726 1054 758 θεος
1074 725 1130 761 (l0)
1149 725 1176 752 δὲ
1189 725 1202 752 ὁ
1218 724 1338 759 αὑλητὴς
1349 724 1394 750 τὸν
1413 723 1503 758 apem
1515 731 1580 749 ποτε
1610 721 1780 755 Ἀλεξάνδρῳ

993 772 1126 808 αὐλήσας,
1156 772 1198 803 εἰς
1226 771 1259 798 τὰ
1279 769 1350 797 ὅπλα
1376 769 1548 805 παραχρῆμα
1575 767 1622 795 καὶ
1652 767 1683 793 τὸ
1702 766 1782 800 ξίφος

994 817 1076 845 ἐκίνει
1089 817 1135 844 τὸν
1147 817 1299 844 Μακεδόνα.
1312 816 1352 843 Τὰ
1364 815 1392 842 δέ
1409 824 1440 850 γε
1458 814 1519 842 κατ’
1538 815 1588 849 ἐμὲ
1617 814 1780 847 διηγήματα

994 865 1024 890 οὐ
1041 863 1159 898 τοπικήν
1172 872 1233 889 τινα
1250 862 1368 897 κίνησιν,
1379 862 1439 889 οὐδὲ
1451 861 1518 896 πρὸς
1531 860 1601 887 ὅπλα
1616 860 1663 886 καὶ
1676 859 1780 895 μάχην,

994 910 1052 937 ἀλλ’
1068 911 1096 942 ὲς
1111 909 1217 944 δάκρυα
1238 908 1285 935 τὸν
1305 908 1443 943 ἀκροατὴν
1460 908 1635 942 συγκινήσειε
1646 915 1654 922 ⁸
1667 907 1715 933 καὶ
1731 906 1781 932 οὑκ

995 954 1161 990 αἰσθητικὴν
1175 955 1266 990 μόνον,
1280 954 1348 981 ἀλλὰ
1361 954 1409 980 καὶ
1421 953 1525 988 ἄψυχον
1542 953 1624 986 φύσιν
1641 953 1680 982 είς
1693 952 1783 982 πάθος

993 1003 1198 1038 καταναγκὰτῃ.
1215 1001 1252 1028 To
1272 1001 1364 1036 μέντοι
1386 999 1472 1030 πάθος
1487 999 1517 1026 τδ
1544 999 1609 1034 περὶ
1635 998 1681 1025 τὸν
1708 997 1781 1024 Καί-

993 1056 1075 1084 σαρα,
1092 1047 1139 1074 καὶ
1154 1047 1168 1074 ὁ
1183 1045 1243 1073 κατ’
1259 1046 1340 1073 αὑτὸν
1358 1045 1520 1076 ἀνέλπιστος
1547 1044 1673 1076 θάνατος,
1691 1044 1780 1078 αὐτῆς

993 1102 1045 1128 μου
1059 1092 1189 1120 καθίκετο
1202 1093 1251 1128 τῆς
1272 1084 1376 1127 ⁸ψυχῆς,
1392 1093 1440 1119 καὶ
1467 1093 1494 1124 ἐς
1511 1091 1593 1127 βάθος
1615 1092 1645 1118 τδ
1664 1091 1779 1126 τραῦμα

991 1140 1151 1175 εἰργάσατο.
1182 1139 1237 1166 Καὶ.
1252 1139 1373 1174 ἡγοῦμαι
1387 1139 1437 1171 τὰς
1455 1138 1653 1175 προειληφυίας
1671 1146 1778 1172 συμφο-

991 1186 1042 1221 ρὰς
1071 1186 1140 1221 πρὶς
1159 1185 1261 1221 ταύτην
1276 1185 1326 1221 τὴν
1340 1185 1479 1220 ἄπληστον
1504 1184 1648 1220 συμφορὰν
1668 1184 1778 1218 ψεκάδα.

990 1233 1027 1264 ὡς
1040 1231 1119 1263 ὄντας
1137 1232 1243 1268 (ὄντων)
1261 1232 1330 1266 πρὸς
1355 1232 1416 1259 ὅλον
1437 1231 1612 1258 Ἀτλαντικὸν
1644 1231 1775 1264 πέλαγος,

990 1280 1005 1314 ἦ
1023 1279 1071 1306 τοῦ
1090 1278 1263 1314 Ἀδριατικοῦ
1278 1279 1414 1312 πελάγους
1428 1278 1462 1305 τὰ
1478 1277 1600 1313 κύματα.
1613 1277 1721 1304 Μᾶλλον
1732 1276 1774 1307 δὲ,

989 1325 1028 1357 ὡς
1048 1325 1154 1357 ἔοικεν,
1174 1322 1245 1360 ἦσαν
1262 1326 1368 1351 ἐκεῖναι
1383 1324 1485 1350 τούτων
1504 1324 1635 1358 προοίμια
1646 1331 1653 1338 ·
1670 1322 1717 1349 καί
1739 1330 1776 1357 με

991 1370 1255 1406 προκατελάμϐανεν
1276 1371 1290 1397 ὀ
1308 1369 1412 1402 καπνὸς
1430 1369 1478 1397 τοῦ
1495 1369 1655 1405 καμινιαίου
1674 1368 1775 1395 τούτου

990 1418 1077 1453 πυρὸς
1088 1437 1095 1448 ,
1113 1418 1160 1445 καὶ
1176 1419 1190 1444 ὀ
1208 1417 1319 1445 καύσων
1342 1418 1446 1448 ἐκεῖνος
1460 1418 1509 1452 τῆς
1526 1417 1646 1452 ἀρῤήτου
1669 1415 1774 1449 ταύτης

990 1464 1163 1500 φλογώσεως,
1190 1464 1238 1490 καὶ
1250 1465 1284 1491 τὰ
1298 1463 1360 1490 καθ’
1380 1463 1488 1499 ἡμέραν
1502 1463 1587 1497 πυρὸς
1600 1462 1650 1497 τῆς
1667 1462 1773 1496 ἀφάτου

151 1510 251 1537 anima;
269 1518 301 1537 ac
321 1518 419 1538 sensus
433 1514 560 1545 expertes
574 1519 617 1539 me
643 1511 670 1538 in
688 1511 929 1539 commiseratioui:

1021 1511 1139 1546 ιρκαῖἇς.
1165 1511 1198 1536 Ὢ
1232 1511 1316 1546 πυρές
1344 1511 1409 1538 ἄνευ
1438 1510 1503 1545 ὒλης
1534 1508 1772 1544 ἁποτεφροῦντοςί

152 1562 264 1582 sensum
284 1555 330 1582 tali
347 1555 472 1582 oratione
487 1555 644 1583 adacturam
660 1557 812 1584 crederem.
823 1556 935 1584 Verum-

153 1605 243 1627 tamen
263 1608 325 1628 cum
342 1601 388 1628 illa
409 1605 485 1629 tanta
504 1605 613 1637 tamque
629 1602 704 1629 varia
722 1602 777 1630 sint
791 1610 852 1638 quae
875 1611 934 1630 sum

152 1646 180 1673 in
206 1646 262 1673 vita
279 1654 420 1681 perpessa,
451 1650 507 1674 tum
535 1648 608 1675 inter
638 1648 683 1675 illa
716 1653 807 1676 tamen
831 1653 935 1676 tantum

150 1691 256 1718 eminet
280 1691 501 1725 inopinatissima
529 1700 604 1720 mors
622 1693 673 1720 mei
696 1693 823 1724 Caesaris.
845 1694 937 1728 itaque

152 1736 220 1764 mihi
239 1737 349 1772 pcnittts
375 1737 402 1765 in
421 1738 554 1766 medullas
585 1739 668 1766 animi
684 1740 805 1775 pervasit
824 1740 850 1768 id
878 1741 937 1768 vul-

153 1791 216 1815 nus,
237 1787 267 1810 ut
291 1784 360 1810 mala
378 1784 469 1818 priora
485 1785 576 1813 omnia
588 1785 621 1813 ad
639 1793 701 1813 eum
720 1786 820 1814 collata
841 1794 935 1814 casum

151 1833 234 1862 puttre
264 1830 350 1858 instar
364 1838 396 1857 ac
415 1831 494 1858 stilla;
519 1831 619 1859 ltabere
639 1831 741 1859 soleam
765 1833 798 1858 atl
824 1832 936 1867 pelagus

152 1875 318 1903 Atlanticum
332 1875 468 1904 ﬂuctusve
484 1877 639 1905 Adriatioos
661 1882 835 1913 comparans.
852 1877 937 1905 Nimi-

154 1929 212 1948 rum
243 1922 289 1949 illa
326 1923 513 1957 praeludebant
546 1927 622 1950 tanto
657 1923 754 1958 majori
787 1931 819 1951 ac
851 1924 937 1951 multo

152 1969 278 1996 maximae
293 1969 361 1996 claili
375 1970 506 2004 protentis
525 1970 736 2004 rutlimeutaque
750 1970 935 2004 miseriarum,

152 2013 245 2042 fumus
263 2014 309 2041 illa
325 2014 407 2049 hujus
432 2014 503 2050 ignis
530 2014 650 2046 fuerant,
673 2021 770 2049 meque
792 2018 848 2041 tum
874 2022 936 2042 cum

153 2060 198 2087 illa
215 2065 322 2094 paterer
337 2061 456 2095 prmvius
471 2060 606 2088 duntaxat
619 2064 646 2087 et
659 2059 812 2087 tolerabilis
827 2059 937 2088 alﬂabat

152 2113 238 2140 vapor
266 2106 393 2133 immensi
422 2106 511 2133 adhuc
536 2105 665 2134 distantis
691 2106 834 2138 incendii,
857 2107 936 2141 cujus

152 2160 225 2179 nunc
252 2159 294 2179 me
322 2152 429 2179 demutn
455 2159 575 2187 praesens
601 2151 707 2179 ﬂamma
737 2151 886 2179 consumit.
913 2152 935 2180 0

151 2196 241 2230 ignem
259 2197 318 2224 sine
343 2197 457 2224 materia
472 2196 648 2232 ﬂagrantem!
674 2197 764 2231 ignem
790 2197 937 2231 penetrali-

152 2241 204 2268 bus
219 2241 302 2268 animi
324 2242 519 2270 secretissimis
533 2249 632 2269 arcana
657 2240 716 2268 face
735 2241 890 2269 subditum!
910 2246 938 2269 et

151 2292 275 2315 urentem
292 2288 415 2322 quidem,
431 2296 486 2315 non
500 2291 708 2317 consumentem
719 2289 826 2315 tamen!
845 2288 936 2322 ignem

150 2333 197 2367 qui
214 2341 262 2361 cor
282 2334 320 2361 ita
337 2339 507 2367 coneremat,
534 2338 564 2361 ut
588 2333 707 2368 speciem
735 2334 873 2369 relinquat
895 2336 936 2361 vi-

150 2380 241 2407 \‘eutis
259 2380 319 2416 ejus
343 2381 433 2408 adhuc
457 2385 484 2407 et
502 2379 628 2414 vigentis,
651 2384 707 2406 tttm
733 2380 850 2407 maxime
872 2387 933 2407 cum

152 2434 239 2461 usque
254 2427 288 2454 ail
310 2434 372 2454 ossa
390 2425 589 2460 medullasque,
605 2433 666 2452 eum
689 2433 776 2460 usque
807 2425 841 2453 ad
865 2425 934 2453 divi-

151 2473 257 2500 sionem
274 2473 371 2500 animae
385 2479 417 2499 ac
437 2471 552 2507 spiritus
572 2472 613 2499 vis
630 2472 691 2506 ejus
714 2472 831 2499 ﬂammae
852 2479 935 2507 pene-

152 2519 281 2545 traverit!
299 2518 351 2546 Sed
368 2519 422 2553 jam
449 2525 493 2544 me
515 2518 605 2545 sentio
624 2517 829 2552 perturbatione
853 2517 932 2545 fatui-

951 2178 973 2205 ι)

989 1557 1075 1592 πυρὸς
1089 1558 1117 1584 ἔν
1136 1557 1304 1593 ἀπορρήτοις
1328 1556 1564 1592 δᾳδουχουμένουέ
1580 1556 1626 1583 καὶ
1647 1555 1772 1587 καίοντος

990 1603 1049 1638 μὲν,
1070 1603 1108 1639 μὴ
1120 1603 1341 1638 καταφλέγοντος
1356 1603 1384 1629 δέ
1398 1610 1405 1617 ·
1423 1603 1470 1629 καὶ
1485 1602 1535 1638 τὴν
1566 1601 1678 1637 καρδίαν
1697 1600 1773 1637 [μὲν]

991 1649 1225 1684 περιφρύγοντος,
1247 1648 1324 1680 δόξαν
1353 1648 1380 1674 δὲ
1397 1648 1574 1684 παρέχοντος,
1603 1648 1643 1674 ὅτι
1660 1647 1689 1673 οὗ
1711 1655 1774 1673 συν-

988 1696 1149 1730 εφρύγημεν
1177 1702 1183 1709 ·
1200 1694 1292 1722 καίτοι
1312 1694 1409 1729 μέχρις
1435 1694 1551 1725 ὀστέων,
1578 1694 1625 1720 καὶ
1655 1692 1773 1726 μυελῶν,

988 1742 1036 1769 καὶ
1055 1741 1190 1778 μερισμοῦ
1207 1741 1299 1776 ψυχῆς
1325 1741 1376 1772 τὰς
1402 1741 1595 1776 πυρακτώσεις
1620 1739 1773 1774 δεξάμενοι.

994 1788 1076 1816 Ἀλλὰ
1101 1788 1156 1823 γὰρ
1176 1787 1300 1822 ἐμαυτῆς
1326 1787 1501 1821 αἰσθάνομαι,
1520 1786 1565 1813 διὰ
1590 1785 1676 1813 ταῦτα
1701 1794 1774 1821 παρ-

988 1834 1172 1869 ενηνεγμένης
1193 1833 1240 1860 τοῦ
1267 1833 1458 1868 προκειμένου.
1479 1833 1533 1859 Καὶ
1556 1833 1570 1859 ὁ
1591 1832 1699 1868 Καῖσάρ
1727 1841 1773 1867 μοι

988 1881 1114 1912 ἐπιστὰς,
1144 1880 1191 1907 καλ⁴
1219 1881 1252 1915 τῇ
1275 1879 1321 1906 τοῦ
1346 1879 1388 1915 [τὺ
1414 1879 1472 1914 τοῦ]
1499 1879 1638 1914 Καίσαρος
1663 1879 1772 1912 πένθος,

988 1926 1087 1957 πένθος
1103 1934 1149 1960 μοι
1164 1925 1299 1958 ὲπέσταξε
1317 1925 1470 1959 διωλύγιον.
1487 1925 1666 1960 ’Δποψήσασα
1682 1925 1729 1951 οὖν
1744 1925 1773 1951 τὸ

987 1971 1105 2006 δάκρυον
1120 1970 1175 1997 τῶν
1199 1970 1344 2005 ὀμμάτων,
1366 1971 1412 1997 καὶ
1436 1970 1559 2006 ἐμαυτὴν
1583 1969 1771 2005 ἀναλεξαμένη

991 2016 1039 2043 τοῦ
1056 2016 1179 2050 πάθους,
1203 2016 1258 2043 τῶν
1287 2016 1350 2051 ἑξῆς
1374 2016 1484 2051 ἕξομαι,
1514 2016 1596 2043 διπλᾶ
1614 2016 1696 2052 (κατὰ
1723 2017 1772 2051 τὴν

988 2062 1142 2097 τραγῳδίαν
1177 2060 1250 2098 [11])
1273 2062 1456 2098 κερδαίνουσα
1488 2062 1605 2096 δάκρυα,
1640 2059 1697 2088 οἷον
1727 2062 1771 2087 ἐπὶ

989 2109 1117 2143 συμφορᾷ
1135 2108 1276 2143 συμφορᾶς
1290 2107 1453 2143 μεμνημένη
1465 2116 1472 2124 ·
1501 2107 1531 2134 τὸ
1559 2108 1614 2141 γὰρ
1628 2108 1668 2138 είς
1689 2107 1770 2141 μέσον

988 2154 1129 2189 προθεῖναι
1141 2154 1263 2181 τοιούτου
1277 2154 1410 2188 βασιλέως
1421 2153 1561 2185 ὑπόθεσιν,
1577 2154 1625 2180 καὶ⁸
1642 2153 1769 2179 τοσούτου

988 2200 1056 2237 πρὸς
1073 2200 1174 2236 ἀρετὴν
1184 2220 1191 2232 ,
1217 2200 1371 2235 ἀνάμνησίς
1390 2200 1448 2226 ἐστι
1466 2200 1512 2226 καὶ
1526 2200 1580 2226 τῶν
1595 2200 1655 2226 κατ’
1669 2200 1770 2226 ἐκεῖνον

986 2246 1153 2281 θαυμάτων·
1184 2245 1256 2281 ἄπερ
1282 2246 1356 2280 κάμὲ
1382 2246 1452 2280 πρὸς
1483 2246 1590 2280 δάκρυα
1615 2245 1770 2279 θερμότατα

986 2292 1138 2326 καταφέρει
1150 2310 1157 2323 ,
1177 2291 1248 2326 μετὰ
1264 2291 1355 2325 πάσης
1381 2291 1430 2326 τῆς
1448 2291 1614 2326 οἰκουμένης
1634 2291 1769 2325 δακρύου-

986 2345 1047 2364 σαν.
1061 2337 1098 2363 Τὸ
1110 2336 1166 2371 γὰρ
1180 2337 1284 2362 ἐκείνου
1298 2336 1468 2371 μεμνῆσθαι,
1491 2337 1538 2363 καὶ
1555 2336 1603 2372 τὴν
1619 2336 1702 2363 αὑτοῦ
1722 2336 1769 2371 βα-

986 2382 1091 2409 σιλείαν
1108 2383 1149 2413 είς
1167 2382 1250 2416 μέσον
1267 2382 1356 2416 ἄγειν,
1372 2382 1435 2416 ἐμοὶ
1448 2383 1496 2418 μὲν
1512 2382 1619 2417 θρήνων
1632 2382 1768 2414 ὑπόθεσις,

985 2429 1043 2459 τοῖς
1060 2428 1152 2459 ἄλλοις
1168 2427 1196 2454 δὲ
1222 2427 1326 2463 ζημίας
1340 2427 1505 2463 ἀνάμνησις.
1529 2429 1660 2463 ’Λρκτέον
1680 2429 1767 2455 τοίνυν

987 2474 1093 2502 ἐνθένδε
1101 2474 1151 2507 τῆς
1164 2474 1284 2509 ἱστορίας
1294 2474 1340 2501 τοῦ
1353 2474 1416 2509 ’μοῦ
1432 2474 1544 2510 πατρὸς,
1556 2475 1617 2501 ὅθεν
1630 2475 1677 2502 καὶ
1687 2475 1768 2509 ἄρχε·
1800 2468 1803 2471 ⁴

987 2519 1049 2546 σθαι
1071 2520 1200 2554 ἄμεινον·
1218 2520 1330 2554 ἄμεινον
1351 2519 1380 2545 δὶ
1406 2520 1468 2546 ὅθεν
1486 2520 1652 2555 σαφέστερός
1672 2528 1701 2546 τε
1722 2520 1768 2546 καὶ

151 2565 212 2593 liari
225 2566 322 2593 elatam
337 2565 364 2592 in
390 2568 503 2600 questus
516 2565 621 2592 alienos
644 2572 658 2591 a
681 2565 830 2600 proposito.
858 2564 929 2592 Fecit

1021 2564 1196 2600 τορικώτερος
1212 2566 1225 2592 ὀ
1241 2565 1318 2599 λύγος
1334 2565 1489 2601 γενήσεται.

698 2660 763 2689 Car.
780 2659 936 2689 Dutresnu
951 2658 998 2690 Du
1009 2659 1114 2699 Cangii
1129 2662 1225 2690 noue.

190 2731 229 2764 (8)
254 2729 387 2765 Porphyr.
418 2730 486 2765 ῌερὶ
507 2729 598 2765 εἴδους
623 2728 747 2756 Stobaeus
780 2727 852 2762 λόγῳ
879 2726 930 2761 ξγ’.

153 2766 256 2802 Athon.
273 2765 293 2802 l.
310 2764 357 2792 xui
371 2773 404 2792 ex
419 2764 559 2802 Euripide.
631 2797 643 2802 Α
709 2796 721 2802 _

189 2800 228 2834 (9)
246 2801 363 2833 Ἄλλως
372 2797 614 2834 προσωμιλήκειγ
626 2797 747 2834 δεινοῖς.
760 2797 845 2826 Anna:
855 2798 929 2825 cala-

155 2831 263 2864 mitates
279 2844 309 2863 ex
324 2831 399 2871 parte
415 2831 506 2862 narrat
521 2833 627 2861 Nicetes
649 2832 675 2860 in
691 2831 768 2859 Joan.

1021 2729 1078 2765 (l0)
1096 2731 1244 2764 Τιμόθεος.
1268 2729 1404 2765 Timothei
1427 2729 1580 2757 Citharmdi
1607 2729 1763 2764 praeclarum

991 2763 1080 2792 exstat
1091 2765 1210 2799 elogium
1218 2766 1292 2799 apud
1307 2763 1458 2792 Himerium
1474 2763 1642 2799 Sophistam.

1020 2799 1076 2835 (ll)
1094 2798 1187 2835 Eurip.
1209 2798 1307 2826 Hecub.
1321 2808 1348 2828 ν.
1366 2799 1418 2827 518
