1871 3048
81 103 135 135 185

146 205 346 241 Κωνσταντίνῳ
357 207 528 235 καταλιπεῖν,
544 208 591 234 καὶ
605 208 641 238 ὡς
654 207 709 235 οἶόν
725 218 786 235 τινα
800 210 865 244 κλῆ-

80 260 127 285 ρον
157 253 227 285 πρὸς
251 252 363 278 πάππου
390 253 437 279 καὶ
456 254 558 287 πατρδς
576 254 649 288 αὖτῷ
673 254 865 288 διαφέρουσαν,

78 297 128 322 καὶ
147 297 200 330 τὴν
215 296 340 331 βασιλίδα
368 299 466 332 μᾶλλον
481 299 524 325 διὰ
546 299 625 325 τοῦτο
642 300 686 325 ἐπ’
701 299 774 334 αὑτῷ
798 300 863 335 θαρ-

77 342 151 375 ῥεῖν,
169 342 217 368 καὶ
241 342 273 368 τδ
296 342 391 369 εὔνουν
406 343 533 375 ὲπαύξειν
551 344 584 376 ⁵⁸,
609 344 722 378 λέληθεν
745 345 866 372 ἐαυτδνὸ

77 387 218 421 γηραλέος
235 387 317 414 ἄδικά
337 396 366 414 τε
385 388 431 414 καὶ
451 388 608 423 ἀξύμφοραΑ
622 389 865 423 διασκοπούμενος,

77 432 127 457 καὶ
155 433 207 466 τῆς
234 432 294 448 ⁵¹⁷’⁸’
323 433 420 459 ἑαυτοῦ
454 434 576 467 κεφαλῆς
604 435 752 461 τεκταίνων
782 436 864 462 κακά.

78 476 194 503 Τούτων
219 477 492 512 ὑποψιθυριζομὲνων
516 479 614 514 ᾔσθετο
641 480 658 515 ή
686 479 791 514 βασιλὶς
819 480 866 506 καὶ

78 523 233 555 περίλυπος
249 521 294 558 ἦν,
313 524 358 550 τδν
373 524 420 550 τοῦ
434 524 529 556 παιδὸς
546 525 666 552 κίνδυνον
681 526 843 561 ὑφορωμένη
855 534 863 542 ο

79 569 127 595 καὶ
142 566 178 602 ἦν
193 568 339 602 ἁθυμοῦσα
354 569 415 603 μὲν,
429 569 515 595 οὐδενὶ
535 569 563 595 δὲ
577 570 626 603 τὴν
637 569 725 604 λύπην
738 570 865 604 ἒξορχονα

80 613 162 647 μὲνη.
184 614 271 641 Τοῦτο
296 613 359 645 τοὺς
382 615 542 649 Κομνηνοὺς
556 614 587 640 οὐ
608 615 740 641 διέλαθεν.
764 615 865 641 Εὑκαι-

80 659 142 693 ρίαν
156 659 204 686 οὖν
221 660 256 694 ἢν
267 659 380 691 ἐζήτουν
403 660 560 695 εὑρηκότες,
585 662 617 696 τῇ
639 661 754 695 βασιλίδι
780 668 864 694 προσ-

79 706 170 733 ελθεῖν
203 706 407 733 ὲῦουλεύσαντο.
424 707 478 740 Τῆς
508 707 536 734 δὲ
563 707 631 741 πρὸς
653 706 738 741 αὐτὴν
759 706 866 740 ὁμιλίας

79 751 128 784 τὴν
155 751 298 786 καταρχὴν
326 751 341 785 ἡ
370 752 459 785 μήτηρ
486 751 524 786 τῷ
562 751 688 786 ’ῐσαακίῳ
712 751 864 786 ἐπέτρεψε,

80 796 276 831 συμπαρόντος
286 796 359 830 αύτῷ
370 796 393 822 τ’
405 796 518 830 ἀδελφοῦ
536 796 667 827 ’Δλεξίου.
675 796 735 822 Τῶν
746 796 773 822 δὲ
782 803 865 830 προσ-

79 840 213 871 ελθόντων
239 841 273 876 τῇ
296 840 409 875 βασιλίδι
431 842 445 867 ὁ
476 840 608 871 Ἰσαάκιός
634 848 700 875 φησι
720 840 787 875 πρὸς
813 840 864 866 αὕ-
881 844 893 850 ⁵

79 887 151 920 τήν·
167 886 226 919 Οὐχ
252 885 289 916 ὡς
306 885 368 920 χθὲς
392 886 438 912 καὶ
454 886 588 921 πρότριτα
614 887 722 921 ὁρῶμέν
751 894 790 918 σε,
818 886 863 912 δέ-

83 940 194 964 σποινα,
208 932 334 966 ἔχουσαν,
348 931 405 958 ἀλλ’
423 931 460 964 ὠς
477 932 529 958 ὑπὸ
548 933 686 967 λογισμῶν
705 933 863 968 ἀνεκφόρων

80 977 255 1011 δακνομένην
267 978 314 1003 καὶ
331 977 530 1012 σκεπτομένην,
547 977 584 1008 ὥς
603 977 641 1013 μὴ
659 978 769 1014 θαρρεῖν
788 977 864 1012 ἔχου-

81 1030 132 1048 σαν
145 1022 217 1056 πρὸς
233 1022 263 1048 ὃν
285 1022 487 1056 ὰνακαλύψειας
501 1022 524 1039 ⁸⁸
541 1022 571 1049 τὸ
593 1023 759 1058 ἀπόρρητον.
780 1024 812 1050 'H
836 1024 864 1050 δὲ

81 1068 152 1097 τέως
169 1068 217 1102 μὲν
231 1067 372 1101 ἐμφαίνειν
390 1068 440 1094 οὐκ
457 1067 547 1102 ἤθελε.
568 1068 665 1094 Πύθιον
682 1068 710 1094 δέ
726 1077 752 1094 τι
771 1068 865 1095 στενά-

84 1112 168 1144 Susa,
181 1112 220 1137 Οὐ
233 1111 298 1147 χρὴ,
311 1112 388 1147 φησὶ,
407 1113 469 1142 τοὺς
483 1111 626 1146 ἀλλοτρίαν
643 1111 785 1143 οἰκοῦντας
800 1113 865 1138 ἑπε-

84 1158 187 1192 ρωτᾷν,
201 1157 267 1184 αὐτὸ
281 1157 334 1193 γὰρ
343 1157 420 1184 τοῦτο
436 1158 476 1188 είς
488 1157 576 1191 λύπην
590 1158 682 1189 αὐτοῖς
705 1158 863 1192 ἀξιόχρεων.

88 1203 156 1237 Ἐμὲ
174 1204 215 1236 δὲ,
235 1203 285 1238 φεῦ
298 1203 305 1229 l
319 1202 362 1229 οἵα
374 1204 403 1236 ἐξ
425 1203 488 1230 οἴων
502 1203 637 1236 διεδέξατο
656 1205 701 1230 καὶ
714 1204 793 1230 ὁποῖά
808 1213 863 1238 μοι,

82 1249 120 1281 ὡς
136 1248 221 1280 ἔοικε,
241 1249 301 1283 μετ’
314 1249 346 1275 οὗ
365 1249 432 1275 πολὺ
445 1249 605 1284 ταμιεύεται
617 1250 623 1276 ί
637 1249 668 1276 οι
687 1250 717 1276 δὲ
730 1249 867 1276 ἀποστάν.

84 1303 132 1326 τες
148 1294 234 1321 πλείω
253 1294 301 1328 μὲν
331 1295 442 1329 ῥήματα
458 1295 488 1321 οὺ
514 1295 695 1330 προσέθεντο·
718 1295 747 1326 ἐς
773 1296 824 1329 γῆν
837 1295 865 1321 δὲ

82 1339 149 1369 τοὺς
174 1337 329 1372 ὀφθαλμοὺς
357 1339 555 1373 ιπερείσαντες,
578 1339 626 1365 καὶ
648 1339 866 1374 περιστείλαντες

85 1384 173 1418 ᾇμφω
186 1382 226 1409 τὼ
240 1384 325 1418 χεῖρε,
347 1383 443 1415 σύνους
456 1384 480 1400 ⁸⁸
495 1384 565 1418 πρὸς
583 1383 679 1419 μικρὸν
693 1385 865 1419 είστήκεσαν,

84 1427 147 1455 εἶτα
164 1430 216 1463 τὴν
242 1429 343 1464 συνήθη
371 1429 556 1465 προσκύνησιν
578 1431 757 1465 ποιησάμενοι
775 1430 865 1457 οῖιιαδε

682 107 886 137 maxuma
907 108 980 140 LIB.
1006 110 1050 140 Π.
1089 87 1092 89 Δ

78 161 142 185 πεῖν
159 159 210 194 τὴν
230 160 430 196 αὐτοκράτορος
447 161 570 193 ἐξουσίαν
591 162 630 197 τῷ
653 163 702 197 τῆς
724 163 857 198 βασιλίδος

917 169 983 192 ante
999 166 1101 194 certius
1116 171 1257 199 assereret;
1268 175 1322 194 rem
1341 167 1373 194 ad
1389 167 1501 195 salutem
1513 173 1545 194 ac
1558 167 1692 194 securita-
1734 184 1738 186 -

1637 109 1690 143 186

918 216 970 237 tem
987 211 1072 245 ipsius
1089 212 1180 238 utilem
1196 220 1247 239 non
1266 220 1370 246 parum.
1387 213 1481 245 Itaque
1500 213 1527 239 in
1545 220 1601 238 uno
1619 211 1692 238 facto

917 255 997 282 simul
1013 257 1141 290 iniustus,
1158 258 1237 284 simul
1253 258 1376 284 incautus
1392 265 1484 288 senex,
1503 261 1529 283 et
1543 257 1576 284 de
1590 256 1693 291 pupillo

917 302 987 328 male
1012 307 1053 328 est
1080 303 1203 334 meritus,
1230 307 1256 329 ct
1271 311 1321 330 suo
1345 304 1402 336 ipse
1430 304 1511 337 capiti
1544 303 1691 337 perniciem

917 347 1028 372 struxit.
1054 346 1137 374 Porro
1164 348 1242 374 istius
1257 348 1362 374 consilii
1380 356 1490 374 rumore
1516 347 1690 375 clanculariis

915 391 1035 418 susurris
1050 399 1143 426 sparso
1156 392 1294 419 admonita
1305 393 1425 426 Augusta
1442 393 1691 424 incredibiliterqno

916 443 966 462 co't
979 442 1050 463 mota
1070 440 1120 467 est,
1138 437 1283 470 periclitari
1299 437 1332 463 de
1349 445 1395 471 spe
1410 437 1516 471 imperii
1536 436 1618 464 [ilium
1632 444 1692 462 cer—

916 489 999 512 nens;
1019 481 1045 508 iu
1062 482 1133 508 luctu
1149 483 1237 514 itaque
1255 489 1284 508 ac
1301 482 1483 508 sollicitudine
1499 486 1567 512 erat,
1590 481 1689 508 nemini

916 532 1005 554 tamen
1026 528 1108 554 animi
1135 528 1233 555 vulnus
1256 535 1320 554 ausa
1344 528 1477 561 detegere.
1510 526 1566 553 Non
1597 525 1691 552 fefellit

915 572 1068 599 Comnenos
1081 573 1210 606 :egritudo
1227 573 1297 604 eius.
1316 572 1499 598 Decreverunt
1515 571 1596 605 igitur
1613 571 1687 597 adire

917 619 1001 651 ipsam
1017 617 1203 648 conﬁdentius.
1220 618 1263 645 ubi
1281 617 1338 651 ejus
1354 617 1391 643 rei
1410 618 1502 643 horam
1521 615 1689 642 commodam

918 664 1157 694 nanciscerentur;
1176 670 1254 696 quam
1278 663 1304 689 in
1330 662 1546 689 observationem
1573 660 1692 687 excuba-

917 709 991 736 bant.
1007 710 1045 736 Ac
1062 710 1124 735 talis
1140 709 1274 736 sermonis
1289 709 1404 742 primum
1430 709 1581 743 ingressum
1606 704 1692 733 mater

916 755 1115 781 Comnenorum
1144 754 1308 781 moderatrix
1339 753 1444 780 consilii
1482 753 1564 779 totius
1590 752 1693 779 Isaacio

917 798 1140 825 committendum
1153 798 1321 824 decreverat.
1350 798 1374 824 ls
1392 797 1474 832 igitur
1491 798 1574 823 fratre
1597 797 1691 822 Alexio

915 848 1046 878 praesente
1062 840 1156 869 intime
1180 843 1315 869 admissus
1333 844 1364 869 ad
1381 842 1578 876 imperatricem
1599 841 1689 874 :Qnid

915 894 966 920 est,
983 888 1081 922 inquit,
1103 896 1119 914 ο
1141 888 1262 919 domina.
1277 887 1350 921 quod
1370 893 1395 914 te
1410 896 1461 914 non
1482 882 1580 914 utheri
1596 891 1622 914 et
1642 895 1691 913 uu-

916 934 1077 962 diustertius
1098 934 1210 961 hilarem
1226 934 1386 966 cernimus;
1408 934 1453 960 sed
1469 933 1544 960 vultu
1559 940 1590 959 ac
1603 933 1692 959 fronte

917 980 988 1007 haud
1004 979 1084 1007 dubia
1097 979 1341 1013 jttdiciarl'erentem
1356 987 1460 1006 arcana:
1479 986 1561 1009 curre,
1577 978 1693 1004 doloris-

916 1034 967 1060 que
980 1025 1140 1059 profuudum
1159 1025 1239 1051 animi
1256 1025 1416 1055 mordentis.
1431 1032 1510 1058 quem
1525 1044 1533 1054 ,
1548 1024 1624 1057 quasi
1642 1031 1689 1049 ne-

917 1073 1016 1099 minem
1030 1071 1131 1098 habeas
1148 1071 1215 1097 satis
1232 1070 1313 1096 ﬂdum
1332 1071 1374 1096 cui
1402 1070 1601 1096 communicare
1618 1072 1691 1095 recte

915 1117 1004 1150 possis
1018 1136 1025 1147 .
1043 1116 1069 1143 in
1083 1115 1254 1143 conscientiae
1278 1116 1368 1142 abdito
1381 1115 1534 1148 supprimas
1550 1113 1626 1148 246
1643 1112 1692 1139 Hio

916 1162 971 1193 illal
993 1161 1057 1196 quid
1085 1161 1123 1188 rei
1142 1160 1250 1195 quidem
1276 1160 1301 1186 id
1327 1164 1399 1187 esset
1415 1166 1548 1193 exponere
1574 1161 1690 1185 nomium

915 1207 1015 1239 voluit;
1034 1207 1088 1233 allo
1109 1210 1198 1233 autem
1217 1205 1333 1240 suspirio
1358 1210 1493 1231 attracto:
1515 1203 1626 1237 Nempe.
1644 1203 1689 1229 in-

917 1253 986 1287 quit,
998 1253 1043 1286 qui
1063 1260 1173 1287 peregre
1186 1252 1267 1277 vitam
1284 1251 1382 1284 degunt
1401 1250 1493 1283 procul
1509 1257 1522 1275 a
1536 1248 1617 1276 natali
1634 1249 1693 1276 solo

916 1298 1005 1333 rogari
1023 1306 1075 1324 non
1093 1297 1191 1324 debent
1208 1303 1300 1331 quare
1313 1301 1445 1329 angantur
1457 1314 1464 1325 ,
1481 1294 1588 1320 abunde
1603 1293 1691 1327 siqui-

919 1344 979 1370 dem
1001 1350 1098 1380 magna
1117 1342 1246 1369 maerendi
1273 1349 1353 1368 causa
1384 1340 1447 1366 illud
1476 1340 1563 1373 ipsum
1582 1336 1633 1366 est.
1653 1338 1694 1365 Me

917 1397 993 1420 vero.
1014 1390 1065 1416 heu
1081 1389 1164 1415 mihi!
1183 1393 1211 1414 ut
1228 1387 1278 1413 alia
1303 1394 1335 1413 ex
1360 1386 1419 1412 aliis
1436 1385 1505 1411 mala
1520 1383 1692 1423 succedentia

917 1435 1097 1468 exceperunt!
1115 1438 1144 1461 ut
1158 1434 1209 1460 alia
1226 1440 1274 1458 nec
1289 1431 1388 1458 leviora
1405 1431 1430 1457 in
1449 1428 1649 1460 futurumfiino
1663 1429 1691 1456 in

83 1471 210 1509 ἀπῄεσαν
225 1473 408 1507 ἀγωνιῶντες.
429 1475 468 1509 Τῇ
484 1474 506 1500 δ’
523 1475 652 1510 ὑστεραίᾳ
673 1476 752 1502 πάλιν
766 1484 864 1511 προσε-

919 1480 1071 1515 proximum
1088 1478 1261 1513 impendent!
1276 1477 1312 1503 Ad
1329 1477 1385 1503 luec
1400 1475 1437 1502 illi
1453 1475 1526 1502 nullo
1539 1475 1618 1501 verbo
1632 1474 1693 1500 red-

86 1520 235 1555 ρηοόμενοι
251 1520 374 1553 ἥκουσιν.
396 1519 569 1555 Ίλαρώτερον
583 1520 612 1547 δὲ
633 1521 649 1556 ἢ
670 1521 766 1556 πρώην
781 1521 869 1548 ἀτενί-

86 1565 186 1596 ζουσαν
200 1565 316 1598 τούτοις,
329 1565 445 1600 δρῶντες
455 1566 601 1600 προσίασιν
613 1566 697 1600 ἄμφω
708 1566 755 1593 καί
766 1575 847 1600 φασιν
858 1574 866 1582 ο

86 1611 123 1637 Σὺ
139 1611 190 1646 μὲν
206 1611 343 1642 δεσπότις,
361 1611 442 1646 ἡμεῖς
462 1610 491 1637 δὲ
503 1609 591 1638 δοῦλοι
610 1611 797 1644 εὐνούστατοι,
813 1613 867 1639 πᾶν

86 1656 140 1681 ὃτι
156 1654 204 1681 ιῦν
220 1655 337 1689 ἑτοίμως
367 1654 475 1689 ἔχοντες
488 1655 559 1691 ὑπὲρ
582 1656 632 1690 τῆς
655 1657 705 1690 σῆς
730 1656 870 1690 βασιλείας

88 1700 195 1732 παθεῖν,
211 1700 259 1727 καὶ
275 1700 311 1735 μή
327 1709 357 1726 σε
380 1699 508 1735 λογισμός
532 1709 575 1732 τις
599 1701 811 1736 διαταραττέτω,
830 1702 870 1733 είς

87 1745 214 1780 διψυχίαν
233 1745 303 1776 ὅλως
317 1745 446 1779 εἰσάγων.
468 1746 516 1772 Ἕκ
526 1746 630 1773 τούτων
643 1744 689 1773 οὗν
702 1746 757 1772 τῶν
771 1746 868 1781 λόγων,

85 1790 120 1816 τὰ
136 1790 223 1816 πιστὰ
237 1790 384 1822 δεδωκότες
402 1791 435 1825 τῇ
459 1790 585 1825 βασιλίδι,
601 1791 650 1818 καὶ
664 1792 871 1824 ἀπαλλάξαντες

89 1837 200 1864 ιαντοὺε
213 1832 329 1870 ὑποψίας
338 1836 457 1871 ἁπάσης,
468 1835 498 1862 τὸ
507 1836 663 1871 ἀπόρρητα-ν
671 1837 720 1871 ήδη
733 1836 869 1864 συνίεσαν.

94 1883 178 1915 ὀξεῖς
205 1883 235 1908 δὲ
263 1882 339 1912 ὄντες
355 1881 401 1908 καὶ
422 1881 540 1916 ἀγχίνοι,
572 1882 619 1907 καὶ⁴
644 1881 726 1908 δεινοὶ
755 1881 871 1917 θηράσαι

89 1928 240 1962 ἀνθρώπων
257 1927 287 1958 ἐξ
306 1927 405 1960 ὀλίγων
430 1927 562 1960 ῥημάτων
583 1926 685 1961 βαθέως
704 1927 871 1962 ὲγκειμένην

87 1973 210 2007 γνώμην,
225 1973 272 1999 καὶ
282 1972 349 2003 τέως
362 1972 517 2007 ἀπόρρητον
529 1971 575 1998 καὶ
589 1970 688 1998 αὐτίκα
704 1971 776 2005 μάλα
789 1980 872 2007 προσ-

90 2019 209 2044 ετίθεντο
232 2017 291 2043 τότε
314 2017 347 2050 δὴ
364 2017 491 2052 βασιλίδι,
516 2017 576 2046 καὶ,
591 2017 624 2043 lx
644 2016 751 2043 πολλῶν
775 2017 870 2048 εὔνους

90 2062 188 2091 αὑτοὺς
205 2062 331 2096 φανερῶς
351 2062 581 2095 καταστήσαντες.
599 2061 655 2088 Καὶ
675 2062 729 2087 πᾶν
747 2062 786 2092 είς
802 2061 871 2096 ὅπερ

91 2108 124 2134 ἂν
143 2107 244 2137 αὐτοὺς
278 2106 469 2139 προσκαλοῖτο,
491 2106 616 2141 ἐκθύμως
638 2106 787 2141 ἐπαμύνειν
807 2115 872 2133 κατ-

918 1525 976 1552 dito
995 1524 1135 1551 obtutibus
1160 1523 1218 1550 solo
1245 1522 1339 1548 deﬁxis
1365 1520 1587 1554 complicatisque
1611 1518 1693 1545 ambo

918 1570 1045 1597 manibus
1058 1569 1174 1595 tristium
1191 1568 1293 1597 habitu.
1308 1572 1448 1602 pestquam
1459 1565 1613 1600 aliquandiu
1625 1565 1693 1591 asti-

918 1619 1011 1643 terunt
1026 1614 1111 1645 taciti.
1129 1616 1258 1640 consueta
1274 1612 1372 1640 deinde
1385 1612 1548 1639 salutatione
1560 1610 1693 1645 perfuncti

919 1663 1101 1688 recesserunt.
1119 1657 1253 1686 Postridie
1274 1657 1447 1684 redeuntibus
1473 1656 1585 1682 hilarior
1607 1662 1687 1689 quam

919 1704 995 1739 prius
1018 1703 1131 1730 intuitus
1146 1702 1273 1736 Augusta:
1290 1701 1394 1728 animos
1410 1701 1473 1729 fecit
1493 1706 1522 1727 ut
1548 1700 1604 1727 hac
1620 1701 1694 1727 diee-

921 1752 978 1775 rent
996 1755 1003 1773 :
1021 1747 1073 1778 'l‘u,
1086 1747 1196 1773 Domina
1213 1751 1303 1773 nostra
1319 1753 1359 1777 es,
1374 1753 1423 1773 nos
1445 1749 1534 1772 autem
1558 1745 1627 1772 servi
1645 1745 1693 1771 tibi

919 1800 950 1819 ex
970 1792 1060 1818 animo
1077 1791 1264 1821 addictissimi,
1281 1798 1312 1816 ac
1325 1791 1403 1824 plane
1418 1790 1502 1824 parati
1518 1789 1626 1824 quidvis
1642 1796 1691 1822 pro

920 1841 965 1863 tua
985 1835 1126 1870 majestate
1147 1835 1218 1870 pati;
1241 1843 1275 1861 ne
1299 1838 1325 1861 te
1353 1834 1434 1868 igitur
1460 1840 1524 1860 cura
1551 1834 1693 1861 conturbet

921 1881 984 1912 ulla.
1003 1885 1048 1907 aut
1068 1888 1167 1914 aegrum
1194 1879 1312 1906 animum
1329 1883 1399 1906 metu
1416 1878 1497 1905 tacito
1512 1878 1638 1905 etiiaciari
1655 1878 1695 1904 si-

920 1934 978 1953 uas.
1005 1925 1053 1952 His
1078 1925 1165 1952 verbis
1189 1924 1352 1951 coulirmata:
1371 1925 1498 1958 Augusta:
1512 1943 1518 1954 ,
1539 1923 1694 1957 suspicione

919 1970 992 1998 omni
1016 1970 1050 1997 ab
1066 1977 1094 1996 se
1115 1970 1247 1999 abstersa.
1275 1969 1382 1996 demum
1403 1975 1533 1995 arcanum
1560 1975 1694 1995 εει-ιιιητιι-

920 2020 1000 2048 runt;
1019 2015 1090 2050 quod
1102 2015 1157 2049 jam
1174 2019 1247 2044 ante,
1261 2021 1313 2048 qua
1329 2017 1408 2040 erant.
1418 2014 1564 2047 sagacitate
1577 2013 1602 2040 in
1619 2012 1693 2040 testi-

920 2060 1027 2087 mandis
1040 2067 1073 2087 ex
1087 2059 1162 2086 vultu
1176 2059 1274 2085 animis
1292 2058 1442 2088 hominum.
1465 2058 1693 2091 solertibukcon-

918 2105 1032 2140 jecturis
1046 2104 1125 2138 quale
1140 2107 1213 2130 esset
1229 2106 1403 2137 agnoverant.
1419 2101 1486 2128 Tum
1503 2109 1565 2128 vero
1588 2101 1614 2127 in
1635 2107 1694 2126 ma-

93 2153 295 2187 επηγγείλαντο
305 2153 338 2178 ⁸¹.
354 2152 515 2187 Συγχαίρειν
529 2159 558 2177 τε
568 2151 751 2186 συγχαιρούσῃ
766 2153 812 2178 καὶ
825 2152 866 2185 λυ-

920 2149 1016 2185 gnilica
1031 2148 1149 2182 provecti
1173 2147 1305 2179 promissa
1331 2150 1403 2174 sunt.
1423 2146 1488 2172 Sese
1505 2145 1581 2172 [idem
1597 2145 1630 2172 ad
1645 2153 1694 2171 ex-

90 2198 212 2232 πουμένῃ
246 2197 443 2230 συνανιᾶσθαι,
469 2195 547 2222 τοῦτο
575 2196 607 2230 δὴ
635 2196 666 2221 τὺ
692 2196 869 2222 ἁποστολικδν

91 2244 160 2277 μάλα
173 2242 322 2277 προθύμως
336 2242 488 2268 συνέθεντο.
499 2241 553 2268 Καὶ
562 2241 600 2272 ὡς
611 2241 762 2274 αὐθιγενεῖς
778 2241 869 2275 ἠξίουν

89 2288 199 2318 τούτους
220 2287 375 2321 λογίζεσθαι
397 2288 443 2313 καὶ
459 2287 585 2321 συνήθεις
600 2286 724 2312 κάκεῖθεν
739 2286 867 2321 ὁρμωμέ-

89 2341 158 2363 νους.
178 2332 241 2358 ὅθεν
256 2332 303 2358 καὶ
320 2331 400 2365 αὑτὴ,
420 2331 546 2358 τοσοῦτον
567 2331 735 2362 ὲπειπόντες.
748 2331 784 2362 ὡς
805 2330 832 2356 ei."
842 2338 868 2357 τι

91 2377 163 2411 παρὰ
177 2376 233 2402 τῶν
247 2376 416 2410 φθονούντων
438 2377 506 2410 αὐτῇ
522 2384 551 2401 τε
575 2377 607 2411 τῇ
623 2375 752 2411 δεσποίνῃ
767 2375 815 2401 καὶ
830 2374 869 2409 τῷ

92 2422 273 2455 αὐτοκράτορι
295 2423 354 2447 κατ’
370 2420 460 2447 αὐτῶν
474 2421 660 2455 εἰσηγήσαιτο,
680 2419 758 2446 τοῦτο
772 2420 869 2451 αὐτοὺς

92 2467 127 2500 μὴ
143 2466 318 2493 διαλανθάνοι
341 2466 371 2492 τὸ
393 2466 561 2501 παραυτίκα,
575 2465 618 2491 ῖνα
635 2465 672 2500 μὴ
696 2464 798 2491 λάθωσι
810 2465 869 2495 ταῖς

92 2512 191 2545 πάγαις
203 2511 258 2537 τῶν
273 2511 376 2546 ὲχθρῶν
392 2511 602 2546 ἐμπεσούμενοι.
620 2509 705 2536 Τοῦτό
722 2518 752 2536 τε
767 2508 869 2543 ὴξίουν,

92 2557 136 2590 καὶ
147 2556 259 2591 θαρρεῖν
283 2556 407 2582 ἐκέλευον
421 2555 458 2586 ὡς
478 2556 526 2581 σὺν
542 2555 602 2588 Θεῷ
616 2562 647 2588 γε
665 2554 748 2588 φάναι
762 2554 811 2587 τὴν
823 2553 868 2579 δυφ

93 2602 172 2636 vari-pi
197 2602 267 2637 μετὰ
292 2601 445 2636 προθυμίας
473 2601 638 2634 εἰσενεγκεῖν
667 2599 804 2634 βοήθειαν,
829 2598 867 2629 ὡς

919 2201 1034 2223 tremum
1050 2195 1087 2222 illi
1102 2199 1268 2224 servaturos,
1291 2192 1471 2226 quodcunque
1497 2196 1603 2225 tempus
1628 2191 1695 2217 incl-

916 2241 992 2267 deret
1015 2242 1132 2269 vocaret,
1151 2237 1227 2271 sequi
1251 2241 1359 2271 paratos
1385 2236 1487 2270 absque
1512 2235 1692 2269 exceptione;

919 2284 1123 2320 propulsaturus
1152 2282 1186 2309 ab
1213 2289 1244 2308 ea
1269 2286 1385 2314 natoque
1413 2280 1473 2314 ejus
1499 2280 1564 2307 totis
1588 2280 1693 2307 viribus

918 2329 1032 2364 quodvis
1055 2329 1153 2362 capitis
1171 2326 1342 2361 dignitatisve
1363 2326 1535 2360 periculum;
1554 2327 1692 2352 fortunam

917 2383 946 2403 se
963 2383 1039 2402 suam
1054 2374 1172 2406 ipsorum
1187 2379 1248 2399 cum
1266 2371 1373 2398 iortuna
1390 2371 1515 2405 Augustae
1532 2376 1631 2397 aeterna
1648 2378 1694 2396 so-

916 2420 1012 2446 cietate
1035 2417 1184 2448 devincire,
1206 2416 1346 2451 gavisurus
1374 2423 1434 2442 cum
1460 2415 1612 2449 gaudente,
1630 2422 1690 2441 cum

916 2465 996 2492 flente
1019 2463 1139 2494 ﬂeturus,
1155 2463 1230 2496 juxta
1249 2461 1313 2488 illud
1336 2461 1534 2494 Apostulicuin.
1552 2460 1640 2492 Quare
1659 2467 1692 2486 ne

918 2509 1010 2544 patria:
1023 2507 1245 2542 longinquitatem
1262 2507 1461 2540 charorumque
1478 2513 1508 2531 ac
1523 2503 1692 2530 necessario-

919 2543 978 2581 rum
997 2554 1144 2580 absentiam
1158 2571 1165 2583 ,
1182 2559 1241 2578 sese
1257 2551 1294 2577 illi
1311 2551 1519 2584 propinquorum
1534 2556 1565 2575 ac
1576 2543 1691 2575 cx'nsan-

920 2599 1078 2634 guineorum
1095 2597 1180 2624 ollicia
1193 2596 1282 2622 omnia
1294 2596 1471 2626 exhibituros,
1493 2594 1692 2627 cllccturosquo

1415 2647 1423 2666 δ

593 2698 690 2729 Varim
702 2697 854 2728 lectiones
879 2705 916 2727 ex
932 2695 1002 2726 cod.
1017 2693 1152 2724 Coislin.

128 2783 150 2805 δ’
164 2783 286 2816 ἐπάξειν.
325 2784 383 2807 ἰτ-Η
403 2784 450 2818 καὶ
461 2783 531 2810 κατὰ
544 2782 604 2818 τῆς,
643 2782 664 2798 ⁸⁸
675 2781 709 2811 ἂν
720 2779 913 2816 ὲκκαλὺψειας.
950 2780 972 2797 ⁵⁸
988 2779 1109 2810 σύννους.
1147 2777 1169 2795 ¹¹
1187 2775 1426 2811 κατεπεγγιίλατο.
