1871 3048
155 100 202 134 1'1

794 110 902 142 ANNA!
915 110 1105 142 COMNENJL‘

1733 115 1789 147 192

152 166 224 190 rent.
245 162 314 195 Quid
331 163 403 190 enim
422 168 498 192 ccrto
525 170 614 201 potest
636 168 717 196 statui
746 168 779 196 de
801 170 938 198 voluntate

1017 167 1168 205 ιμετάφορά
1185 177 1246 202 πως
1271 170 1317 197 καὶ
1331 170 1452 206 Εὐρίπου
1475 170 1564 206 δίκην,
1578 172 1617 205 ὡς
1639 174 1670 202 ὲν
1685 175 1788 212 παλιρς

151 209 306 236 animorum
323 210 457 243 cjusmndi
480 213 621 240 mobilium
644 218 671 240 ct
689 214 782 250 Euripi
801 224 875 243 more
897 225 938 244 re-

150 255 212 282 ﬂuis
245 257 365 284 molibus
400 257 501 285 levium
535 260 688 287 studiorum
720 263 941 297 reciprocatione

150 307 280 336 perpetua
299 305 496 331 mstuantium?

186 350 297 377 interim
316 352 374 379 haec
392 353 516 380 videntes
533 356 603 381 servi
626 363 660 382 ne
682 356 733 389 ipsi
758 357 869 392 quidem
887 358 940 386 sibi

153 405 182 423 we
199 406 335 430 curn-opto
356 401 499 433 proposito
526 401 651 429 deerant.
679 402 732 430 Sed
755 403 941 440 frttstra‘fesse

155 444 270 470 Ἰιςῐιίῖπς
291 449 318 472 et
335 446 489 475 Cnmncnos
505 449 629 482 quotidie
651 459 776 479 crescere
793 460 824 479 ac
846 460 942 481 corro-

150 489 241 515 borari
260 496 428 523 reputantes,
446 498 508 521 post
526 496 610 522 tnulta
629 496 748 531 denique
763 498 837 525 ultro
855 500 942 526 citro-

150 543 202 563 que
218 536 288 561 dicta
306 541 479 575 statuerunt,
498 541 605 573 longam
623 541 692 568 riam
713 545 874 577 compendio
891 545 942 571 ab-

149 581 266 609 solvere.
297 582 422 615 Quonam
455 586 566 613 autent?
592 586 755 617 Evocandos
780 596 860 618 nocte
887 599 940 619 una

148 627 308 657 Comnenos
325 631 421 658 ambos
438 631 616 666 imperatoris
631 636 742 662 nomine
760 639 941 671 quantumvis

148 674 227 701 inscii
246 685 252 701 :
265 675 305 702 sic
316 678 523 710 comprehensis
537 681 675 708 eruendos
688 680 744 716 49
755 682 853 709 oculos
871 682 941 710 falso

148 721 263 748 crimine
284 722 422 756 imposito.
450 723 511 751 "tce
542 733 648 752 summa
678 728 796 756 consilii.
823 729 882 762 Quo
907 730 940 757 ad

149 766 306 794 Cmnrrenos
326 773 401 796 ρει-ιο
418 770 534 803 perlato,
562 777 623 805 post
645 772 872 801 deliberationem
888 784 938 802 an-

149 811 222 837 siam
235 816 261 837 et
275 813 381 846 longam
396 814 483 841 visum
500 817 608 850 utrique
622 823 661 844 cst
674 827 754 845 unam
766 820 942 854 expedienda:

149 858 250 884 salutis
277 859 347 885 viam
375 860 401 885 in
418 859 570 888 defectione
591 863 671 890 sitam
697 872 768 896 esse,
790 873 822 893 eo
843 874 873 894 se
896 875 943 894 ex-

150 909 236 931 trema
255 907 418 934 necessitate
428 907 519 939 trudi;
540 909 602 942 quis
616 911 687 937 enim
703 916 864 946 exspectare
879 920 943 942 Sus-

148 950 234 978 tineat
250 951 312 978 dum
327 952 427 980 ferrum
444 955 564 981 candens
589 956 747 990 applicitum
774 958 862 985 oculis
874 959 943 986 lucis

151 997 241 1023 insum
260 1005 291 1024 ac
309 999 375 1025 solis
402 1007 484 1026 uSura
505 1002 611 1034 privet?
636 1001 779 1029 Occultum
798 1008 902 1036 autem,
916 1012 944 1032 ut

149 1051 199 1077 par
210 1050 280 1074 erat.
296 1045 321 1071 id
336 1045 475 1073 decrvtum
493 1047 639 1079 habebant.
653 1049 740 1082 quoad
757 1051 828 1077 brevi
846 1059 943 1086 perpe-

149 1090 238 1116 lrandi
254 1081 314 1124 ejus
326 1092 435 1118 occasio
453 1101 482 1120 se
496 1094 596 1120 obtulit
614 1095 677 1122 talis
689 1096 829 1130 qurcdam.
845 1096 941 1125 Datum

147 1140 205 1161 crat
235 1137 373 1169 negotium
392 1138 487 1165 Alexio
500 1159 507 1170 ,
534 1140 634 1175 quippe
655 1149 754 1176 magno
775 1145 831 1169 tum
850 1143 944 1171 dome-

147 1181 217 1208 stico
229 1181 397 1214 Occidentis,
414 1184 567 1212 inducendi
579 1185 605 1212 iu
621 1187 714 1213 urbem
728 1193 832 1222 partem
847 1198 944 1224 quam-

149 1226 213 1253 dam
238 1230 377 1256 exercitus
394 1231 553 1258 armandam
574 1234 706 1260 adversus
725 1234 866 1268 Agarcnos
894 1237 942 1271 qui

147 1272 243 1300 urbem
257 1273 385 1308 Cyzicum
403 1275 586 1311 diripuerant.
605 1278 662 1307 Hoc
677 1281 722 1308 ille
735 1287 869 1316 praetextu
888 1283 939 1309 du-

147 1325 194 1345 ces
211 1321 350 1348 exercitus
377 1321 428 1349 sibi
454 1323 573 1351 maxime
590 1325 659 1354 [idos
677 1329 802 1355 evocavit
831 1330 941 1357 srrlrtis

147 1363 258 1392 litteris.
279 1365 384 1398 Quibus
414 1368 534 1403 undique
556 1378 655 1406 magno
684 1374 774 1401 studio
794 1376 819 1402 in
845 1377 939 1404 urbem

149 1409 358 1444 festinantibus,
377 1413 444 1440 adiit
462 1415 655 1450 imperatorem
672 1420 782 1452 quidam
802 1422 941 1450 suborna—

148 1459 194 1484 tus
211 1456 245 1483 ab
264 1456 349 1485 altero
365 1466 508 1487 servorum
530 1461 632 1495 Borilo,
651 1466 832 1501 qumsivilque
849 1475 881 1495 ex
907 1477 940 1496 co

993 214 1056 250 ῥοίᾳ
1072 215 1309 251 περιπλαζόμενα.

1026 349 1121 375 Ταῦτα
1137 350 1257 385 ὁρῶντες
1274 351 1298 377 οἱ
1314 351 1402 378 δοῦλοι
1425 352 1472 379 καὶ
1490 353 1564 385 ὅπως
1579 353 1610 380 οὑ
1625 354 1696 382 κατὰ
1721 364 1786 382 σκο-

993 394 1043 420 πδν
1059 395 1151 425 αὐτοῖς
1169 394 1199 420 τὺ
1217 396 1332 430 πρᾶγμα
1347 396 1456 432 προῄει.
1471 397 1532 423 οὐδὲ
1548 398 1564 432 ἡ
1579 398 1634 424 τῶν
1653 397 1784 425 τοιούτων

993 440 1100 475 ἀνδρῶν
1131 440 1256 467 ἀπώλεια
1282 442 1400 476 εὐχερής
1428 443 1503 469 ἐστιν
1534 444 1636 474 αὐτοῖς,
1665 445 1715 479 τῆς
1736 445 1785 471 τοῦ

992 487 1196 522 αὐτοκράτορος
1225 488 1252 518 ἐς
1274 489 1374 520 αὐτοὺς
1401 489 1547 524 εὐμενείας
1572 491 1709 526 ὁσημέραι
1735 493 1786 519 αὗ-

992 532 1138 567 ξινούσης,
1166 532 1253 559 πολλὰ
1269 533 1318 568 μὲν
1334 535 1468 567 εἰπόντες,
1487 536 1573 563 πολλὰ
1595 537 1623 563 δὲ
1639 537 1687 563 καὶ
1707 539 1788 564 ἀπει-

992 578 1110 610 πόντες,
1141 579 1185 613 ἐφ’
1206 580 1302 615 ἑτέραν
1330 580 1452 617 ἀτραπὸν
1481 583 1652 617 ἐτράπησαν.
1682 584 1730 615 Τίς
1759 585 1788 611 δὲ

992 623 1082 659 αὖτη;
1113 625 1172 651 Ἰνα
1200 625 1230 651 ὲν
1258 626 1307 661 μιᾷ
1336 626 1414 652 νυκτὶ
1443 627 1699 662 μετακαλεσάμενοι
1721 628 1788 655 τού-

992 680 1056 702 τους
1082 671 1182 706 βουλῆς
1201 671 1269 707 ἄτερ
1296 672 1343 699 τοῦ
1372 673 1540 708 κρατοῦντος
1570 674 1693 702 ἐκποδὼν
1720 676 1788 708 τοὺς

993 717 1095 752 ἄνδρας
1124 718 1307 753 ποιήσωνται,
1336 719 1399 750 τοὺς
1427 719 1519 745 αὐτῶν
1534 719 1694 755 ὀφθαλμοὺς
1722 722 1786 753 ἐξο-

994 762 1134 798 ρύξαντες,
1151 763 1236 797 ψευδῆ
1259 763 1349 790 αἰτίαν
1364 763 1598 799 ἁναπλασάμενοι.
1615 765 1700 792 Τοῦτο
1719 768 1789 799 τοὺς

998 809 1161 844 Κομνηνοὺς
1171 809 1200 834 οὒ
1217 808 1333 836 διέλαθε.
1351 810 1407 836 Καὶ
1423 810 1485 836 ἐπεὶ
1503 810 1589 838 πολλὰ
1603 813 1787 848 γνωσιμαχή-

998 863 1104 886 σαντες,
1121 853 1252 888 ὑπόγυιον
1277 854 1323 881 τον
1348 855 1470 883 κίνδυνον
1493 856 1627 890 ἔγνωσαν,
1643 854 1714 893 μίαν
1730 868 1787 886 σω-

995 900 1092 935 τηρίας
1106 900 1199 927 ἐλπίδα
1217 900 1265 936 τὴν
1282 901 1450 928 ἀποστασίαν
1467 902 1586 936 ἐδόκουν,
1600 904 1667 939 πρὸς
1681 905 1787 941 ταύτην

995 947 1055 973 κατ’
1068 947 1191 982 ἀνάγκην
1206 947 1307 983 πολλὴν
1323 947 1535 983 συνωθούμενοι.
1555 949 1588 976 Τί
1605 951 1661 985 γὰρ
1676 951 1718 978 δεῖ
1733 961 1786 978 πε-

999 995 1123 1030 ριμένειν
1139 996 1184 1022 τὸν
1204 997 1389 1030 ὲπενεγκόντα
1403 998 1504 1033 μύδρον
1519 1000 1576 1030 τοῖς
1599 998 1718 1034 ὄμμασι,
1737 999 1787 1027 καὶ

994 1041 1038 1068 τὸν
1053 1042 1082 1068 ἐν
1105 1042 1198 1073 αὐτοῖς
1218 1042 1294 1078 ἥλιον
1318 1043 1519 1078 ἀποσῦἐσοντας
1541 1045 1721 1081 ’Υποϐρύχιον
1738 1047 1787 1074 οὖν

994 1089 1023 1114 ὲν
1040 1090 1100 1120 ταῖς
1115 1089 1215 1124 ψυχαῖς
1229 1090 1277 1124 τὴν
1294 1089 1411 1126 γνώμην
1425 1091 1531 1126 ταύτην
1550 1090 1633 1127 εἶχον.
1663 1093 1743 1119 Ἐπεὶ
1756 1093 1786 1120 δὲ

995 1134 1054 1168 μετ’
1071 1135 1103 1161 οὺ
1116 1135 1183 1162 πολὺ
1200 1137 1403 1170 προσετέτακτο
1426 1139 1440 1164 ὁ
1457 1139 1576 1172 Ἀλέξιός
1599 1149 1661 1167 τινα
1685 1141 1785 1176 μερίδα

993 1182 1043 1215 τῆς
1067 1183 1198 1215 στρατιᾶς
1225 1183 1383 1218 εἰσαγαγεῖν
1410 1185 1562 1220 μέλλουσαν
1592 1187 1785 1220 ἐξοπλίζεσθαι

993 1228 1062 1255 κατὰ
1077 1228 1132 1255 τῶν
1147 1229 1342 1265 πορθησάντων
1355 1231 1405 1266 τὴν
1420 1232 1498 1259 πόλιν
1510 1233 1629 1266 Κυζίκου
1649 1235 1671 1250 ⁸ο
1697 1235 1783 1268 Ἅγα-

994 1274 1085 1308 ρηνῶν
1111 1274 1202 1310 (ἔτυχε
1227 1276 1283 1312 γὰρ
1308 1277 1461 1311 τηνικαῦτα
1486 1278 1648 1313 δομέστικος
1674 1281 1706 1307 ἐκ
1733 1281 1786 1316 τῆς

993 1319 1137 1355 ἑσπέρας),
1159 1321 1287 1356 ἀφορμῆς
1302 1322 1414 1357 εὐλόγου
1429 1324 1606 1359 δραξάμενος,
1619 1326 1682 1358 τοὺς
1697 1327 1786 1359 εὔνως

995 1363 1062 1398 πρὸς
1077 1364 1160 1391 αὑτὸν
1173 1365 1284 1400 ἔχοντας
1294 1367 1348 1394 τῶν
1361 1368 1408 1394 τοῦ
1425 1369 1541 1404 στρατοῦ
1558 1371 1700 1405 ἡγεμόνων
1714 1374 1785 1406 μετὰ

992 1411 1048 1437 τῶν
1078 1410 1125 1437 ὑπ’
1143 1412 1243 1443 αὐτοὺς
1274 1412 1318 1440 διὰ
1351 1415 1524 1449 γραμμάτων
1557 1417 1782 1449 μετεκαλέσατοο

992 1458 1043 1484 καὶ
1068 1457 1100 1492 δὴ
1117 1458 1274 1493 κινηθέντες
1292 1460 1412 1492 ἅπαντες
1438 1462 1505 1496 πρὸς
1521 1462 1571 1498 τὴν
1596 1464 1782 1498 μεγαλόπολιν

147 1509 212 1528 num
232 1502 313 1536 jussu
331 1504 392 1537 ejus
407 1506 503 1539 copias
521 1508 664 1538 universas
679 1510 705 1537 in
724 1512 818 1540 urbem
838 1515 937 1550 regiam

1017 1502 1151 1537 πείγοντο.
1174 1504 1218 1531 ‘Ev
1232 1505 1354 1540 τοσούτῳ
1373 1506 1401 1534 δὲ
1425 1507 1556 1534 εἰσελθών
1573 1518 1615 1540 τις
1630 1509 1660 1541 ἐξ
1676 1510 1782 1546 ὑποθή-

150 1555 266 1581 magnus
279 1550 450 1579 domesticus
463 1553 613 1583 induceret.
641 1555 791 1591 Imperator
807 1567 935 1593 magnum

147 1594 240 1621 statim
260 1594 442 1625 domesticum
468 1606 613 1629 accersens
626 1621 634 1633 .
651 1608 730 1638 rogat
751 1605 851 1639 ecquid
873 1613 937 1633 vera

147 1641 287 1669 nuntient.
309 1642 423 1671 Alexius
440 1648 546 1679 partem
560 1647 670 1682 quidem
687 1650 825 1677 exercitus
839 1650 940 1680 fatetur

147 1691 163 1711 ι
183 1692 212 1712 se
232 1691 312 1720 prout
326 1692 386 1716 erat
399 1689 495 1724 jussus
510 1696 670 1727 evocatam;
684 1695 718 1722 de
733 1696 871 1726 universis
892 1706 940 1726 co-

147 1730 199 1764 piis
213 1737 367 1768 pernegat;
390 1735 471 1770 idque
489 1736 525 1764 ita
542 1739 736 1773 verisimiliter,
760 1748 790 1770 ut
806 1743 883 1771 fidem
900 1745 940 1771 l'a-

148 1781 233 1803 ceret.
252 1777 354 1814 Nempe
371 1781 413 1808 hic
432 1790 539 1816 rumor,
564 1785 665 1818 aiebat,
682 1786 746 1815 inde
771 1793 849 1818 ortus
874 1795 916 1819 est
929 1811 938 1824 ,

147 1823 234 1857 quod,
252 1833 314 1852 cum
327 1827 455 1856 cohortes
471 1829 523 1858 ille
539 1839 598 1866 quae
610 1831 664 1860 huc
677 1833 752 1861 coire
765 1835 850 1869 jttssre
873 1843 938 1865 sunt

148 1869 208 1896 alia:
220 1870 274 1898 alio
285 1872 416 1907 dispersae
433 1873 533 1908 forent,
548 1877 612 1904 dum
630 1886 661 1906 ex
681 1887 730 1907 suo
749 1888 865 1916 quaeque
877 1883 938 1912 loco

147 1915 181 1942 ad
203 1917 361 1945 condictum
379 1920 492 1948 conﬂuit
517 1923 636 1957 speciem
665 1924 769 1959 ignaris
793 1915 857 1955 fecit
877 1929 940 1956 uni-

146 1961 218 1989 versi
232 1964 370 1993 exercitus
382 1966 478 1994 urbem
494 1969 625 2002 petentis.
637 1969 728 1998 Borilo
741 1978 834 2000 autem
850 1975 937 2003 multa

146 2012 241 2034 contra
250 2008 406 2043 disputante
421 2012 494 2047 (nam
504 2013 656 2044 Germanus
671 2016 859 2047 insidiatorum
869 2021 938 2050 alter

147 2059 245 2083 natura
270 2056 422 2091 simplicior
440 2059 530 2088 minus
559 2067 615 2089 tum
642 2063 767 2093 Alexium
787 2067 937 2104 lacessivit)

147 2103 291 2136 praevaluit
310 2108 399 2132 tamen
420 2105 507 2134 Alexii
537 2116 594 2135 rem
613 2113 788 2145 pernegantis
814 2115 936 2142 auctori-

147 2153 198 2179 tas.
214 2153 241 2176 rt
258 2152 381 2178 omnium
402 2153 516 2182 calculis
532 2157 675 2185 accusatio
690 2158 791 2192 rejecta
807 2165 859 2188 est.
878 2161 935 2190 Hoc

145 2200 275 2221 successu
293 2197 462 2224 consternati
480 2198 536 2226 duo
553 2200 660 2229 barbari
673 2222 680 2233 ,
703 2205 789 2238 quod,
808 2205 930 2241 inquam.

146 2243 201 2266 tam
219 2241 377 2270 verisimilis
395 2243 495 2273 delatio
517 2246 690 2281 imperatoris
715 2250 837 2278 animum
864 2253 932 2280 nihil

145 2285 277 2314 adversus
290 2295 416 2324 magnum
431 2291 612 2320 domesticum
629 2296 835 2330 commovisset,
845 2301 934 2325 actum

149 2331 184 2357 de
203 2332 283 2360 rebus
307 2338 333 2360 et
361 2336 462 2369 spebus
478 2338 535 2364 suis
556 2339 607 2367 nisi
628 2344 834 2375 maturassent,
860 2343 913 2370 rati
927 2363 934 2376 ,

148 2385 208 2404 cam
223 2378 310 2412 ipsam
326 2380 352 2407 in
370 2386 477 2409 noctem
492 2384 571 2418 cujus
590 2393 651 2413 mox
671 2393 808 2414 secutura:
822 2396 934 2422 vespera

147 2422 293 2455 illuxcrat.
326 2427 440 2454 exitium
465 2429 669 2458 Comueuorum
696 2432 864 2461 indixerunt.
886 2435 936 2463 Est

145 2475 227 2496 Omne
243 2472 340 2498 servile
352 2480 436 2506 genus
451 2475 570 2503 dominis
589 2476 737 2510 infensum,
756 2480 828 2514 qttod
847 2481 869 2507 si
886 2488 936 2508 no-

145 2521 207 2541 cere
224 2515 343 2544 domittis
359 2518 542 2553 nequiverint,
561 2520 597 2547 ita
616 2522 641 2548 in
658 2529 813 2550 conservos
833 2531 912 2553 versa
924 2546 932 2558 ,

147 2559 171 2587 si
183 2568 253 2595 quos
269 2562 391 2597 ipsorum
407 2564 516 2599 injuriis
534 2571 705 2601 opportunos
722 2568 832 2595 fortuna
859 2569 934 2598 fece-

993 1557 1044 1584 κης
1056 1549 1170 1586 θατέρου
1182 1552 1237 1577 τῶν
1249 1551 1271 1567 ⁸¹
1282 1551 1384 1578 δούλων
1404 1552 1452 1579 τοῦ
1467 1553 1614 1589 λεγομένου
1627 1555 1744 1591 Βούριλα
1760 1558 1783 1573 ⁸⁸

996 1594 1131 1632 [Βορίλου]
1151 1597 1231 1632 ἤρετο
1246 1597 1292 1624 τὸν
1311 1597 1426 1633 βασιλέα
1443 1600 1467 1626 εί
1483 1600 1555 1627 κατὰ
1567 1600 1679 1638 γνώμην
1697 1603 1782 1630 αὐτοῦ

991 1641 1042 1674 τὰς
1069 1643 1203 1678 δυνάμεις
1228 1644 1365 1676 ἀπάσαςὸ
1381 1645 1469 1680 μέγας
1480 1646 1642 1681 δομέστικος
1667 1649 1707 1680 είς
1731 1649 1782 1685 τὴν

993 1687 1192 1722 βασιλεύουσαν
1215 1689 1293 1716 πόλιν
1313 1690 1431 1724 εἰσάγει.
1453 1690 1482 1717 '0
1501 1691 1523 1718 δ’
1548 1692 1630 1724 εὐθὺς
1655 1702 1781 1727 μετακα-

991 1733 1141 1768 λεσάμενος
1153 1733 1248 1761 τοῦτον
1263 1735 1356 1770 ἠρώτα
1385 1737 1409 1762 εἰ
1423 1736 1523 1771 ἀληθές
1543 1738 1600 1765 ἐστι
1615 1739 1645 1765 τὸ
1659 1739 1780 1774 λεγόμε-

991 1787 1047 1808 νον.
1061 1780 1116 1806 Καὶ
1128 1780 1157 1811 ὃς
1173 1781 1272 1807 αὐτίκα
1285 1781 1365 1808 τοῦτο
1380 1782 1430 1817 μὲν
1440 1782 1490 1810 οὐκ
1504 1783 1622 1819 ἠρνεῖτο,
1638 1785 1680 1812 ὅτι
1695 1795 1781 1821 στρα-

995 1827 1041 1854 τιά
1057 1835 1099 1858 τις
1113 1827 1255 1861 εἰσάγεται
1275 1829 1308 1863 τῇ
1330 1827 1436 1855 ἐκείνου
1461 1829 1595 1862 κελεύσει,
1610 1831 1678 1866 πρὸς
1700 1831 1730 1858 δὲ
1750 1832 1782 1858 τὸ

992 1873 1085 1900 πᾶσαν
1107 1873 1296 1909 ἁπανταχόθεν
1319 1874 1444 1901 ἐνταυθοῖ
1472 1877 1708 1910 συναθροίζεσθαι,
1734 1887 1781 1905 πι-

991 1919 1080 1951 θανῶς
1109 1921 1308 1956 παρεκρούετο.
1343 1920 1373 1947 '0
1389 1921 1443 1957 γάρ
1481 1931 1523 1949 τοι
1550 1923 1675 1957 στρατὸς,
1702 1925 1782 1959 φησὶ,

990 1965 1194 2001 διεσπαρμένος
1210 1965 1247 1992 ὢν
1264 1966 1464 2001 ἁπανταχόθεν,
1485 1967 1565 2000 ἄλλος
1586 1969 1699 1996 ἄλλοθεν
1716 1971 1778 2005 ἥκει

989 2011 1079 2040 λαϐὼν
1095 2013 1126 2039 τὸ
1141 2014 1291 2048 ἐνδόσιμον.
1310 2015 1364 2042 Καὶ
1375 2016 1399 2041 ot
1416 2014 1528 2047 τούτους
1542 2015 1659 2050 ὁρῶντες
1674 2017 1705 2043 ἐκ
1721 2018 1780 2044 διας

991 2058 1083 2093 φόρων
1096 2058 1188 2094 μερῶν
1204 2059 1253 2094 τῆς
1269 2059 1323 2086 τῶν
1341 2060 1485 2096 Ῥωμαίων
1499 2061 1650 2096 ἡγεμονίας
1663 2062 1782 2097 ἀθρόους

990 2104 1208 2139 ἀφικνουμένους
1258 2105 1414 2139 νομίζουσιν
1445 2107 1483 2138 ὠς
1512 2106 1567 2133 ἀπὸ
1605 2108 1780 2143 συνθήματος

990 2151 1080 2179 πάντα
1094 2153 1142 2180 τὸν
1157 2154 1272 2188 στρατὸν
1286 2153 1413 2180 ἐνταυθοῖ
1428 2153 1665 2190 συναθροίζεσθαι,
1682 2157 1715 2192 τῇ
1729 2156 1779 2192 θέᾳ

987 2198 1034 2225 καὶ
1049 2197 1117 2234 μόνῃ
1126 2199 1338 2234 ἐξαπατώμενοι.
1355 2200 1450 2227 Καίτοι
1466 2200 1489 2217 ⁸³
1502 2200 1549 2227 τοῦ
1564 2200 1676 2236 Βορίλου
1692 2203 1780 2231 πολλὰ

986 2244 1054 2279 πρὸς
1069 2244 1180 2276 τούτους
1200 2246 1262 2276 τοὺς
1281 2245 1376 2280 λόγους
1391 2246 1634 2281 ἀντεπενεγκόντος
1647 2248 1680 2280 ⁸⁵,
1700 2249 1778 2284 ισχυ-

988 2289 1097 2325 ρότερος
1113 2291 1160 2316 καὶ
1176 2289 1261 2322 οὕτως
1273 2288 1307 2326 ἦν
1321 2292 1335 2318 ὁ
1356 2291 1485 2325 Ἀλὲξιοςί
1518 2293 1566 2318 καὶ
1577 2292 1651 2325 ὅλαις
1663 2294 1778 2329 ἐκράτει

986 2336 1100 2372 ψήφοις,
1130 2337 1160 2363 Ὃ
1184 2337 1214 2364 δὲ
1237 2337 1378 2372 Γερμανὸς
1403 2337 1588 2373 ἁπλούστερος
1601 2338 1639 2365 ὢν
1657 2340 1687 2366 οὐ
1702 2341 1776 2368 πάνυ

986 2383 1033 2410 τοῦ
1052 2383 1170 2416 Ἀλεξίου
1187 2383 1365 2419 κατέτρεχεν.
1393 2385 1469 2411 Ἐπεὶ
1486 2384 1515 2411 δὲ
1531 2386 1592 2412 οὐδὲ
1610 2385 1642 2412 τὰ
1659 2387 1777 2422 εἰσηγη-

987 2430 1069 2457 θέντα
1081 2429 1168 2457 ταῦτα
1182 2430 1253 2457 κατὰ
1260 2429 1306 2456 τοῦ
1320 2430 1481 2465 δομεστίκου
1491 2432 1513 2447 ⁸⁵
1525 2431 1573 2467 τὴν
1581 2432 1627 2459 τοῦ
1642 2432 1777 2467 βασιλέως

980 2476 1133 2512 γὲξετάραξε
1158 2476 1267 2512 ψυχὴν,
1300 2477 1396 2510 καιροῦ
1421 2477 1567 2512 λαϐόμενοι
1595 2479 1643 2505 καὶ
1681 2479 1776 2512 ἀδείας

987 2523 1103 2559 (ἑσπέρα
1130 2523 1159 2550 δὲ
1184 2521 1240 2558 ἦν),
1265 2523 1314 2559 τὴν
1327 2524 1396 2550 κατὰ
1417 2524 1472 2550 τῶν
1488 2524 1638 2559 Κομνηνῶν
1662 2525 1775 2561 ἐνέδραν

987 2570 1128 2605 ἐξήρτυον.
1161 2570 1241 2596 Ἔστι
1257 2569 1306 2604 μὲν
1321 2569 1376 2604 γὰρ
1392 2570 1428 2605 (9)
1443 2570 1528 2601 ἄλλως
1540 2570 1619 2604 φύσει
1635 2570 1666 2597 τὸ
1680 2571 1775 2599 δοῦλον

673 2615 776 2646 Varie!
793 2616 946 2649 lectiones
964 2627 1002 2649 ex
1018 2618 1087 2649 cod.
1104 2616 1245 2648 Coislin.

182 2659 205 2675 "
215 2659 296 2689 Det-st
309 2669 359 2690 vox
375 2663 507 2695 Κυζίκου.
525 2664 546 2680 ⁸⁸
561 2664 610 2693 ὢν.
627 2665 650 2681 ⁶¹
665 2665 777 2700 Βορίλα.
793 2668 816 2684 ⁶³
831 2669 889 2695 καί.
905 2670 929 2686 ⁸⁵
945 2670 1203 2703 ἅνθυπενεγκόντος.
1221 2668 1244 2684 ⁸⁵
1259 2667 1361 2696 Desunt
1371 2675 1450 2696 voces
1459 2668 1530 2695 κατὰ
1540 2669 1587 2696 τοῦ
1599 2668 1772 2704 δομεστικοῦ.

676 2712 746 2744 Car.
764 2714 928 2751 Dufresnii
953 2717 999 2747 Du
1013 2715 1126 2755 Cangii
1146 2718 1241 2746 notae.

184 2758 265 2798 2&5
282 2759 320 2798 (9)
334 2760 421 2798 ’ξςτι
434 2761 491 2798 μὲν
501 2761 566 2795 γάρ.
579 2761 749 2798 Theophilus
760 2764 937 2798 Antecessor,

147 2794 196 2821 lib.
210 2801 230 2826 ι,
246 2796 290 2821 tit.
303 2795 329 2822 8.
347 2795 391 2830 μ
409 2804 416 2822 :
434 2794 517 2823 Φύσει
528 2797 563 2831 γὰ
596 2794 712 2830 ὁδοῦλος
729 2798 777 2825 τοῦ
796 2799 928 2827 δεσπότου

150 2827 289 2860 πολέμιος.
321 2829 427 2858 Tritum
458 2831 535 2860 illud.
563 2806 646 2860 R’ulla
674 2835 754 2860 nosti:
785 2834 928 2860 efﬁcacior.

150 2827 289 2861 πολέμιος.
321 2827 427 2858 Tritum
458 2827 540 2866 illud;
563 2827 646 2860 Nulla
674 2827 754 2862 nosti;
785 2834 930 2869 efﬁcacior,

986 2773 1068 2827 gyalnt
1101 2765 1247 2799 familiaris
1272 2763 1405 2791 inimicm.
1431 2763 1505 2791 Will.
1525 2764 1618 2799 Brito,
1636 2765 1685 2793 lib.
1709 2776 1769 2802 vm,

1017 2809 1034 2826 ιι
1048 2808 1102 2827 Hm.
1119 2807 1129 2826 ἔ

1119 2819 1190 2862 enim
1206 2834 1298 2870 quavis
1311 2839 1348 2862 est
1363 2840 1432 2869 pem
1448 2833 1604 2865 denicaliqu
1618 2837 1712 2872 hostis,
1765 2836 1767 2838 ’
