1871 3048
194 112 229 143 79
797 111 908 139 ΛΝΝᾹΞ
923 111 1112 141 (ῙΟΜΝΕΝΕ

1752 113 1809 146 280

177 170 258 195 situm
278 176 304 194 tn
322 171 378 195 toto
395 168 440 194 illo
454 167 575 195 facinore
591 168 749 202 praeteriens
761 187 767 198 ,
787 168 851 201 quin
870 169 916 200 sin;

1089 170 1143 195 τῶν
1174 169 1320 204 ἐπιτιμίων
1348 169 1460 196 ἐστάνωι
1490 169 1631 204 ἠνείχοντο
1650 178 1657 185 ·
1676 171 1737 203 πῶς
1751 174 1809 206 γὰρ

177 215 252 242 latim
266 217 328 242 cum
344 222 441 249 magna
456 218 483 241 et
495 215 602 242 timoris
620 214 666 242 Dei
681 219 707 241 et
724 215 791 242 viva:
809 215 868 242 litlei
884 216 968 249 signi-

177 260 303 287 ﬁcatione
317 264 465 294 exponeret
476 260 567 286 omnia
579 268 585 286 :
600 267 698 294 rogans
709 260 742 286 ad
762 260 817 286 haec
832 265 861 287 ιιι
872 261 967 288 morbo

177 307 287 340 cognito
302 314 352 341 pro
375 315 426 334 sua
448 307 547 340 peritia
566 311 592 334 et
612 311 747 341 potestate
776 299 966 341 mederentur;

179 360 229 380 nec
243 353 331 388 pinnis
349 361 381 380 ac
395 353 536 388 supplitiis
556 358 697 387 parcerent
722 354 822 387 quibus
841 362 870 381 se
895 354 968 381 ultro

177 398 282 427 ferebat
297 399 457 427 obnoxium.
474 400 507 426 At
527 400 563 426 illi
582 409 635 427 non
650 401 735 427 solum
749 401 911 434 Angustum,
921 401 967 428 sed

177 446 245 473 alios
263 452 372 480 quoque
395 445 452 472 sive
468 446 602 479 sanguine
635 446 686 480 ipsi
702 446 759 473 sive
776 446 831 480 82
848 446 967 472 amicitia

177 490 351 525 coniunctos,
364 490 409 525 qui
422 491 585 518 deiectionis
599 498 710 526 quoquo
726 493 805 519 modo
820 492 966 526 participes

177 535 371 570 adjutoresque
387 535 506 568 fuerant,
527 536 623 563 iisdem
638 544 732 563 omnes
752 537 867 571 piaculis
880 537 965 572 subji-

178 581 427 617 cittnt,pra?st‘ripl0
444 582 510 616 ipsis
521 581 638 616 jejunio,
657 582 892 614 humieubatione.
912 590 959 610 cze

177 627 297 662 terisque
312 635 371 662 quae
387 636 448 655 cum
470 628 512 656 his
529 628 633 663 injungi
657 629 746 656 solent
771 629 960 662 pmnitcutiam

178 673 381 706 profitentibus,
402 674 434 701 ad
459 674 708 701 reconciliationem
729 683 789 701 (-um
808 674 862 701 Deo
878 675 965 709 impe-

177 717 313 745 trandam.
332 717 461 746 Libenter
471 726 599 753 accepere
621 719 784 754 subiereque
801 721 965 747 sententiam

178 765 280 790 cuncti.
295 764 350 792 Nec
361 765 562 800 ipstemulieres
578 773 671 793 eorum
684 766 819 794 immunes
831 766 968 801 squaloris

1019 216 1159 250 φίλανδροι
1186 214 1283 250 οὔσαις
1309 216 1454 251 αὐτόμολοι
1482 216 1511 243 δὲ
1526 217 1572 243 τὶν
1592 218 1641 252 τῆς
1658 218 1810 252 μετανοίας

1018 260 1100 294 ζυγὸν
1124 261 1310 295 ἀναδέχονται,
1327 261 1382 286 Καὶ
1405 258 1440 296 ἦν
1465 261 1528 287 [δεῖν
1543 261 1577 288 τὰ
1597 262 1722 297 βασίλεια
1745 263 1812 289 τότε

1000 341 1002 348 γ
1017 307 1142 343 δακρύων
1166 303 1218 333 καί
1236 307 1351 339 πένθους
1379 307 1532 341 ἀνάμεστα,
1550 308 1665 339 πένθους
1684 308 1736 334 οὐκ
1748 310 1814 335 ἐπι-

1016 355 1102 390 ψὸγου
1125 354 1179 380 οὐδ’
1205 353 1349 380 ἀσθένειαν
1373 354 1467 388 ψυχῶν
1491 355 1724 390 κατηγοροῦντος,
1750 354 1813 381 ἀλλ’

1020 399 1162 426 ἐπαινετοῦ
1176 399 1222 426 καὶ
1246 401 1333 434 χαρᾶς
1359 399 1491 435 προξένου
1512 400 1562 434 τῆς
1579 401 1750 435 κρείττονος,
1764 401 1815 426 καὶ

1021 445 1157 480 μηδέποτε
1170 445 1314 480 λυομένης.
1334 445 1362 471 '0
1373 445 1401 471 δὲ
1411 445 1589 481 αὐτοκράτωρ
1600 446 1690 476 ὁποῖος
1703 447 1815 476 ἐκεῖνος

1018 491 1067 526 τὴν
1077 491 1219 518 εὐσέϐειαν
1231 492 1311 518 πλέον
1323 491 1380 518 τι⁸⁷
1395 491 1490 523 ποιῶν,
1508 491 1584 523 ἐντὸς
1599 493 1648 526 τῆς
1662 491 1815 525 βασιλικῆς

1017 537 1176 572 ἁὶουργίδος
1206 537 1307 563 σάκκον
1334 537 1531 572 περιεϐέϐλητο
1552 540 1580 564 ἐν
1608 537 1666 572 χρῷ
1684 536 1815 571 ψαύοντα

1016 584 1065 616 τῆς
1095 583 1196 616 σαρχὶις
1229 584 1276 610 ἐπὶ
1305 584 1508 618 τεσσαράκοντα
1535 583 1732 618 νυχθημέροις.
1763 583 1812 608 Ἐν

1018 629 1046 655 δὲ
1059 630 1119 659 ταῖς
1136 629 1194 661 νυξὶ
1208 629 1347 664 χαμεύνης
1363 629 1452 656 ἔκειτο
1463 630 1510 655 ἐπὶ
1526 630 1629 664 πέτρας
1651 629 1734 662 μόνον
1747 629 1817 655 ἀνέ-

1020 683 1075 710 χων
1089 675 1140 710 τὴν
1152 675 1273 710 κεφαλὴν
1287 679 1335 704 καὶ
1351 676 1457 702 πενθῶν
1477 675 1514 707 ὡς
1540 676 1622 707 εἰκός.
1638 674 1694 701 Εἶθ’
1723 674 1818 705 οὕτως

1019 721 1074 747 τῶν
1089 722 1137 756 τῆς
1156 721 1295 756 βασιλείας
1313 724 1482 758 πραγμάτων
1494 724 1588 756 ἁγναῖς
1609 723 1725 750 ἅπτεται
1746 729 1818 755 χερ-

1024 776 1077 794 σιν.

178 817 209 836 ac
228 811 317 838 luctus
332 811 412 839 istius
439 819 501 839 esse
531 812 741 839 sustinuerunt:
773 818 910 847 vtcunque
939 819 1076 844 armorum
1111 821 1143 840 ae
1157 814 1312 842 rebellionis
1335 814 1480 849 participes
1499 822 1560 842 esse
1587 814 1783 849 nequivissent
1803 820 1813 838 ε

178 859 315 892 pertinere
331 859 465 894 siquidem
499 860 531 886 ad
558 860 688 895 nuptialis
710 860 921 888 necessitudinis
949 865 976 888 ct
996 860 1138 889 charitatis
1168 861 1285 889 oﬁiciunt
1304 862 1436 898 putubant
1468 863 1547 890 etiam
1573 862 1817 890 incommodorum

177 900 206 931 in
224 905 323 940 quibus
344 906 445 932 Versari
462 906 535 933 viros
554 913 619 933 suos
634 911 789 938 cernerent,
808 907 880 933 ultro
901 908 1176 935 communicationem
1191 913 1328 942 appetere.
1353 909 1518 936 Voluntarlze
1540 909 1620 944 igitur
1652 916 1682 936 se
1712 908 1819 942 adjun-

177 958 244 985 gnm
270 951 378 986 conjugi
411 959 525 986 quaeque
550 960 611 985 suo,
638 952 672 979 ad
694 951 790 987 jugum
815 952 982 986 ptenitentize
1000 953 1138 980 communi
1165 954 1296 988 patientia
1334 954 1507 981 trahendum.
1528 954 1621 988 Itaque
1637 954 1730 981 videre
1751 956 1817 981 erat

179 1007 225 1035 per
243 999 269 1026 id
282 1004 389 1034 tempus
408 1000 538 1035 palatitttn
565 1000 723 1028 universum
749 1000 858 1035 plenum
879 1001 1061 1036 lacryntarum
1085 1009 1116 1028 ac
1130 1002 1232 1029 luctus.
1257 1001 1362 1029 Luctus
1379 1009 1433 1029 non
1475 1002 1564 1037 ignari
1597 1009 1630 1029 ac
1667 1002 1817 1037 vitupera‘

179 1045 252 1078 bilis,
271 1046 353 1073 animi
371 1045 468 1081 abjecti
495 1046 707 1074 imbecillitatem
745 1046 887 1081 prodentis
911 1055 919 1074 :
947 1047 996 1074 sed
1019 1047 1125 1075 honesti
1157 1055 1189 1075 ac
1217 1047 1381 1079 laudabilis,
1412 1048 1595 1083 gaudiumque
1629 1048 1813 1083 procuraturi

179 1100 318 1127 nunquam
344 1092 533 1120 auferendum.
559 1092 618 1126 Qua
631 1093 657 1119 itt
682 1100 711 1119 re
737 1093 886 1127 imperator
903 1100 957 1119 non
977 1093 1068 1120 minus
1081 1094 1218 1121 eminebat
1233 1102 1315 1129 quam
1336 1094 1363 1120 in
1379 1095 1501 1126 eteteris;
1524 1095 1625 1129 quippe
1653 1094 1700 1128 qtti
1737 1093 1818 1121 re‘i-

179 1140 286 1174 gionem
301 1140 380 1175 longe
396 1139 483 1174 pluris
498 1147 577 1174 quam
606 1140 721 1167 aliorum
738 1140 846 1175 quidvis
863 1139 976 1167 faceret.
996 1140 1090 1176 Itaque
1123 1141 1174 1169 sub
1199 1147 1317 1176 purpura
1347 1149 1457 1168 saccum
1481 1142 1620 1168 cilicinunt
1647 1141 1729 1168 nuda:
1751 1142 1814 1168 cuti

180 1188 320 1214 admotum
336 1188 459 1222 gestabat
477 1195 522 1222 per
534 1187 592 1215 dies
607 1193 756 1223 noctesque
770 1187 960 1223 quadraginta,
985 1195 1038 1215 n0u
1055 1188 1110 1215 alio
1147 1196 1195 1223 per
1220 1188 1244 1215 id
1277 1193 1384 1223 tempus
1407 1189 1439 1214 ad
1464 1195 1590 1215 somnum
1616 1188 1814 1222 excipiendum

179 1238 251 1264 lucto
267 1240 346 1262 ntrns
367 1243 447 1270 quam
466 1236 548 1262 hmno
564 1242 595 1261 ac
613 1235 780 1269 pavimento.
807 1234 894 1269 lapide
916 1239 1008 1262 autem
1028 1242 1076 1269 pro
1089 1235 1214 1262 cut-ticali
1234 1235 1267 1261 ad
1304 1235 1470 1261 [ιΙΙιῖῘθιιύιΙηὶ
1505 1239 1597 1269 caput.
1633 1235 1723 1268 Atque
1760 1234 1816 1261 hac

182 1282 290 1308 tandem
308 1281 437 1316 religione
455 1280 615 1316 perfunctus
633 1280 673 1307 sic
689 1279 799 1307 demum
822 1287 904 1316 puras
920 1288 1019 1307 manus
1034 1281 1108 1316 regni
1121 1276 1316 1315 guberitaculis
1331 1281 1462 1307 admovit.

215 1329 284 1356 Cum
299 1333 388 1356 autent
409 1335 560 1355 exonerare
576 1328 747 1362 negotiorum
762 1335 854 1354 curam
868 1335 882 1354 a
897 1335 927 1354 se
943 1327 954 1353 it

1075 1327 1262 1362 liaxoctpégcov
1277 1327 1304 1353 δὲ
1318 1327 1419 1361 μᾶλλον
1433 1326 1530 1353 ἑαυτοῦ
1546 1326 1594 1362 τὴν
1610 1327 1716 1363 μητέρα
1739 1328 1814 1361 ἱμει-

183 1374 379 1408 pruvidentiam
400 1375 496 1401 matris
511 1382 568 1402 su:e
588 1378 761 1409 percuperet,
787 1374 866 1400 initio
882 1378 971 1400 tamen

183 1428 313 1447 arcanum
337 1420 363 1448 id
380 1421 523 1448 consilium
541 1421 638 1447 habuit
652 1429 658 1447 :
674 1420 776 1447 veritus
794 1428 827 1447 ttc
841 1421 863 1448 si
879 1428 933 1455 pne
943 1427 973 1447 se

150 1462 156 1466 ’
184 1466 278 1498 ferret.
293 1462 441 1502 'perlerrita
457 1474 488 1494 ea
503 1471 577 1494 metu
599 1466 769 1494 imminentis
787 1466 877 1498 molis,
899 1465 973 1493 festi-

184 1516 261 1540 naret
277 1513 389 1547 exsequi
412 1513 485 1548 quod
501 1512 602 1540 dudum
620 1513 789 1547 parturiebat
806 1513 898 1539 animo
911 1519 973 1547 pro-

184 1558 303 1593 positum
317 1558 461 1585 recedendi
474 1566 488 1585 a
502 1557 586 1593 regia,
600 1558 716 1593 vitaeque
729 1558 761 1585 ad
770 1558 971 1592 processionem

183 1603 287 1638 vulgari
303 1603 471 1631 sublimioris
487 1603 660 1630 transeundi.
676 1603 697 1629 Δ
711 1610 765 1637 qua
777 1603 848 1630 illam
862 1603 972 1630 Alexius

184 1654 215 1677 ut
237 1649 338 1677 sensim
357 1649 523 1685 cogitatione
547 1650 706 1680 abduceret.
733 1649 819 1676 itabat
841 1649 873 1676 ad
899 1649 971 1675 illam

183 1696 290 1723 consilii
304 1695 362 1730 eius
375 1696 533 1731 exquirendi
548 1703 643 1726 causa,
655 1703 705 1723 nec
719 1696 867 1730 quidquam
879 1703 974 1730 qnam-

183 1742 225 1769 vis
251 1742 385 1769 minutqu
417 1749 449 1769 ac
465 1741 544 1769 facile
560 1742 618 1776 ipsa
636 1749 689 1769 non
707 1742 833 1769 cottsulta
848 1741 974 1776 expedie-

184 1790 239 1815 bat.
260 1788 306 1815 Sic
320 1788 449 1823 paulatim
469 1788 658 1816 assuefaciens
676 1788 749 1815 illam
771 1787 972 1822 gubernationi,

183 1835 290 1870 sibique
304 1835 330 1862 in
341 1835 398 1863 dies
410 1835 511 1862 arctius
521 1834 794 1868 indissolubiliusque
804 1834 972 1866 devinciens,

183 1883 317 1916 planeque
341 1881 378 1908 illi
405 1881 572 1916 persuadere
597 1884 678 1915 atque
699 1880 760 1907 aliis
785 1883 922 1914 satagens,
947 1881 972 1906 in

185 1936 238 1955 ttna
264 1928 358 1956 matris
374 1927 544 1962 providentia
559 1935 588 1954 se
614 1934 690 1961 spem
708 1926 807 1954 habere
826 1926 974 1961 repositam

183 1973 290 2008 imperii
305 1974 372 2001 bene
383 1974 508 2009 gerendi,
527 1973 599 2008 quod
612 1973 716 2007 absque
726 1973 841 2001 consilio
857 1972 916 2007 («jus
930 1972 973 2000 fo-

183 2026 234 2052 tet,
249 2027 357 2054 pessum
379 2020 480 2048 iturum
496 2020 643 2047 videretur.
667 2020 713 2046 Illa
732 2027 795 2046 vero
815 2027 972 2054 quanquam

183 2073 282 2100 magno
299 2065 418 2100 pondere
433 2066 459 2093 in
476 2065 621 2094 secedendi
638 2066 831 2101 cogitationem
852 2073 973 2100 propen-

183 2112 273 2144 debat,
301 2112 424 2146 nihilque
452 2112 582 2139 libentius
602 2119 684 2146 quam
711 2111 906 2139 monasterium
945 2112 972 2138 in

182 2167 237 2194 qtto
247 2159 308 2186 vitae
322 2158 454 2193 reliquum
468 2159 559 2193 quiete
572 2159 734 2193 transigeret
743 2166 804 2186 cttm
817 2164 906 2186 mente
919 2158 974 2193 θεῖα

185 2206 271 2236 tabat,
306 2209 363 2231 tttm
383 2204 527 2232 affectabat
552 2205 632 2237 votis,
653 2209 741 2231 tamen
758 2204 891 2232 charitate
914 2204 971 2236 lilii,

181 2253 237 2285 ‘quo
259 2251 356 2278 atlcctu
372 2251 439 2278 nulli
467 2251 610 2279 mulierum
639 2251 762 2282 cedebat,
795 2250 972 2278 vehementer

185 2297 377 2332 impellebatur
396 2297 429 2324 ad
454 2297 646 2325 conferendam
671 2304 748 2324 suam
779 2303 889 2330 operam
914 2303 972 2322 ma-

186 2351 266 2378 gnam
293 2351 351 2370 rem
377 2351 516 2379 δεετοεεο,
541 2351 693 2378 navemque
715 2351 764 2370 ttec
788 2343 892 2370 ﬁrmam
921 2349 972 2368 nec

185 2389 345 2417 instructam
375 2390 442 2417 satis
465 2389 541 2417 iratis
568 2389 635 2416 mari
659 2388 793 2423 caeloque,
825 2396 886 2415 cutn
900 2396 971 2421 prae-

184 2435 254 2461 sonti
286 2435 407 2470 periculo
442 2435 547 2470 regenti
575 2439 660 2462 nato:
698 2434 848 2469 przesertim
881 2434 971 2460 adhuc

186 2480 240 2516 83
258 2481 410 2516 inexperto,
425 2489 552 2516 nutthue
565 2481 682 2516 primum
698 2481 767 2507 istos
781 2485 888 2512 ventos,
902 2480 970 2506 istos

186 2527 287 2555 ﬂuctus
308 2528 450 2560 sentienti,
469 2528 601 2558 nondum,
621 2527 745 2562 inquam,
763 2533 815 2553 usu
831 2532 922 2551 rerum
943 2529 971 2551 et

1026 1373 1141 1408 ρόμενος
1152 1374 1176 1390 ⁵⁸
1192 1371 1272 1405 εἶναι,
1297 1373 1346 1408 τὴν
1362 1372 1459 1408 βουλὴν
1472 1373 1638 1409 ὑποϐρύχιον
1653 1374 1720 1405 τέως
1740 1373 1815 1410 εἶχε,

1023 1418 1116 1450 δεδιὼς
1143 1419 1179 1454 μὴ
1195 1419 1242 1445 τοῦ
1259 1419 1381 1445 τοιούτου
1401 1418 1569 1452 γνωσθέντος
1581 1419 1648 1454 αὐτῇ
1676 1419 1816 1454 λογισμοῦ

1024 1465 1070 1491 καὶ
1083 1465 1137 1491 τῶν
1146 1464 1289 1499 βασιλείων
1303 1464 1420 1498 ἐξέλθοι,
1434 1464 1503 1500 πρὸς
1520 1465 1688 1500 ὑψηλότερον
1699 1466 1760 1501 βίον
1774 1467 1816 1500 (l)

1023 1511 1165 1545 γινώσκων
1192 1511 1277 1546 αὐτὴν
1301 1511 1520 1539 ἀποϐλέπουσαν.
1543 1513 1586 1539 Ἑν
1607 1514 1673 1539 πᾶσι
1699 1513 1752 1547 μὲν
1767 1513 1818 1540 οὖν

1024 1556 1072 1590 τῆς
1092 1555 1114 1571 ⁸³
1132 1557 1337 1590 προσπίπτουσι
1360 1556 1457 1591 βουλῆς
1477 1557 1563 1591 αὐτῆς
1598 1557 1664 1593 ἄτερ
1694 1559 1766 1593 μηδὲ
1784 1559 1817 1585 τὸ

1024 1600 1107 1635 τυχὲν
1118 1598 1152 1635 ἦν
1166 1600 1296 1634 ἐνεργῶν,
1310 1601 1379 1627 ἀλλὰ
1391 1602 1518 1628 κοινωνὸν
1533 1601 1588 1637 εἶχε
1604 1602 1658 1628 τῶν
1671 1603 1818 1638 βουλημά.

1024 1654 1077 1672 των
1094 1646 1161 1681 όμοῦ
1177 1647 1225 1672 καὶ
1246 1647 1419 1683 συλλήπτορα
1431 1648 1480 1683 τὴν
1499 1649 1606 1682 μητέρα
1618 1649 1641 1665 9°
1657 1649 1704 1675 καὶ
1726 1658 1817 1676 κατα-

1026 1693 1125 1727 μικρὸν
1142 1693 1271 1728 ὑφέρπων
1283 1695 1362 1730 αὐτῇ,
1387 1695 1434 1721 καὶ
1447 1696 1683 1730 κοινοποιούμενος
1694 1696 1745 1732 τὴν
1758 1698 1817 1723 τῶν

1025 1739 1196 1774 πραγμάτων
1216 1740 1361 1775 διοίκησιν.
1385 1741 1439 1767 Καί
1457 1750 1507 1768 που
1521 1743 1567 1768 καὶ
1581 1743 1706 1777 φανερῶς
1726 1743 1817 1770 ἐνδειι

1025 1787 1159 1822 κνύμενος
1178 1787 1215 1819 ὡς
1239 1788 1305 1823 ἄτερ
1321 1790 1370 1823 τῆς
1386 1789 1494 1823 ἐκείνης
1512 1790 1610 1825 φρενὸς
1636 1791 1683 1816 καὶ
1696 1791 1817 1826 γνώμης

1025 1833 1166 1859 ἀπολεῖται
1188 1835 1239 1869 τῆς
1257 1834 1396 1868 βασιλείας
1411 1835 1444 1862 τὰ
1470 1836 1632 1870 πράγματα,
1646 1836 1740 1868 Οὕτως
1755 1836 1816 1872 εἶχε

1025 1881 1072 1906 καὶ
1090 1880 1251 1914 ξυνεδέσμει
1279 1881 1361 1908 πλέον
1385 1882 1476 1916 ἑαυτῷ
1492 1882 1513 1898 ⁹¹
1543 1883 1592 1917 τὴν
1620 1883 1740 1918 μητέρα,
1766 1885 1817 1911 καὶ

1025 1926 1072 1952 τοῦ
1088 1926 1161 1952 κατὰ
1187 1927 1288 1952 σκοπὸν
1303 1927 1420 1962 ἀπεῖργε
1444 1928 1491 1954 καὶ
1514 1928 1685 1956 ἀπεκώλυεν.
1712 1929 1746 1955 Ἡ
1764 1930 1817 1965 μὲν

1026 1971 1080 2007 γὰρ
1110 1971 1176 2005 πρὸς
1198 1971 1319 2006 σταθμὸν
1347 1972 1638 2008 ἁπέϐλεπενέσχατον,
1659 1974 1706 2000 καὶ
1727 1975 1818 2009 μονὰς

1024 2017 1162 2049 διενοεῖτο,
1176 2018 1204 2043 ἐν
1219 2013 1263 2047 αἶς
1282 2017 1328 2043 τὴν
1342 2017 1481 2044 ἐπίλοιπον
1497 2020 1593 2053 χρόνον
1608 2019 1669 2053 μετ’
1681 2019 1818 2055 εὔφρονος

1025 2063 1156 2098 λογισμοῦ
1184 2062 1294 2090 ἑλκύσει
1320 2063 1368 2090 τοῦ
1392 2063 1461 2098 βίου.
1492 2065 1546 2091 Καὶ
1571 2064 1648 2092 ταῦτ’
1664 2059 1748 2092 ἐνόεί
1766 2067 1817 2094 καὶ

1027 2109 1112 2144 ἑαυτῇ
1140 2109 1185 2135 διὰ
1210 2109 1310 2140 παντὸς
1330 2109 1466 2145 ἐπηύχετο
1494 2111 1650 2143 τεύξασθαι.
1686 2112 1758 2139 Ἀλλ’
1792 2114 1816 2140 ei

1026 2155 1074 2182 καὶ
1098 2155 1211 2182 τοιαῦτα
1235 2156 1306 2182 κατὰ
1332 2155 1395 2182 νοῦν
1425 2157 1646 2185 συνδιεσκοπεῐτο
1671 2159 1718 2186 καὶ
1741 2159 1817 2191 ὅλως

1025 2201 1093 2238 πρὸς
1119 2202 1286 2236 ὑψηλότερον
1314 2202 1450 2237 ἐνητένιζε
1477 2203 1544 2238 βξον,
1569 2204 1627 2231 ἀλλ’
1645 2203 1680 2239 ἦν
1703 2214 1735 2239 γε
1765 2207 1817 2233 καὶ

1027 2249 1153 2282 φιλόπαις
1186 2248 1266 2282 εἰπερ
1296 2256 1338 2279 τις
1371 2248 1437 2284 ἄλλη
1473 2249 1553 2284 γυνὴ,
1572 2250 1620 2276 καί
1644 2260 1703 2282 πως
1728 2252 1816 2286 ἠϐού-

1024 2294 1085 2320 λεειο
1117 2294 1313 2327 συνδιενεγκεῐν
1342 2295 1410 2329 μετὰ
1440 2295 1486 2321 τοῦ
1516 2295 1573 2322 υἱοῦ
1611 2296 1641 2322 τὸ
1674 2298 1724 2332 τῆς
1764 2297 1816 2332 βα-

1025 2340 1126 2372 σιλείας
1153 2339 1310 2372 κλυδώνιον,
1337 2341 1383 2367 καὶ
1410 2341 1641 2377 οὐριοδρομοῦσαν
1668 2343 1717 2378 τὴν
1744 2344 1815 2371 ναῦν

1022 2386 1039 2420 ἢ
1074 2386 1122 2412 καὶ
1162 2387 1332 2420 πανταχόθεν
1377 2386 1547 2422 βαλλομένην
1582 2389 1641 2419 τοῖς
1676 2388 1812 2423 κύμασιν,

1025 2430 1063 2460 ὼς
1103 2430 1202 2464 ἄριστα.
1239 2430 1443 2465 οἱακοστροφῶν
1469 2432 1492 2447 ⁸³
1526 2433 1574 2459 καὶ
1615 2433 1732 2467 μάλιστα
1762 2435 1813 2461 τοῦ

1026 2476 1120 2507 παιδὸς
1136 2476 1197 2511 ἄρτι
1214 2476 1261 2502 ἐπὶ
1283 2476 1332 2511 τὴν
1351 2477 1478 2512 πρύμναν
1498 2478 1668 2511 καθῖσαντος,
1690 2480 1738 2506 καὶ
1755 2481 1813 2508 τῶν

1027 2521 1127 2547 οἰάκων
1143 2521 1332 2556 ὲφαψαμένου,
1347 2523 1394 2549 καὶ
1413 2524 1497 2558 μήπω
1512 2523 1608 2559 πρώην
1627 2524 1747 2561 θαλάττῃ
1763 2526 1813 2552 καὶ

707 2594 802 2624 Varias
816 2592 970 2623 lectiones
986 2599 1023 2621 cx
1039 2590 1109 2620 cod.
1131 2591 1265 2621 Coislin.

224 2661 245 2676 ⁸⁷
267 2660 407 2686 εὐσέϐειαν
420 2657 454 2694 ἦν
465 2658 545 2685 πλέον
562 2667 597 2684 τι.
634 2657 656 2672 ⁸*
677 2656 847 2691 βουλόμενος,
885 2656 907 2672 θ’
920 2655 986 2685 τοῖς.

189 2697 325 2732 στροφεῖν,

1023 2652 1047 2668 ⁹⁰
1060 2652 1162 2681 Desunt
1174 2662 1255 2682 voces
1265 2655 1314 2689 τὴν
1332 2654 1450 2690 μητέρα.
1497 2654 1519 2670 ⁹¹
1537 2653 1644 2681 ἑαυτοῦ.
1683 2657 1706 2671 ’³
1720 2656 1812 2683 οἰακο-

763 2752 830 2781 Car.
843 2751 1006 2782 Dufresnii
1025 2753 1072 2782 Du
1092 2750 1201 2790 Cangii
1220 2753 1311 2781 nouo,

222 2815 578 2851 (1)”Υψη.ιότερον,βίον.
613 2814 677 2841 Vide
716 2814 868 2847 lunatam,
909 2823 934 2849 [ν.
961 2814 1024 2841 23L
