1871 3048
169 99 220 124 28‘!
819 88 932 118 ΛΝΝιΕ
952 86 1102 117 CUMNEN
1109 86 1139 114 [Ε
1735 80 1801 110 288

169 151 328 184 nullumque
345 148 454 175 illorum
471 146 627 181 abrogabile
644 149 690 173 aut
723 144 822 172 effectu
856 151 978 174 cassum,
999 142 1100 173 omnia,
1130 145 1197 169 rata.
1217 139 1302 169 firma.
1329 138 1476 165 immobilia
1502 138 1529 184 in
1577 145 1656 165 omne
1683 143 1802 173 tempus

169 201 261 228 erunt,
279 183 348 222 nulli
363 194 494 225 examini,
514 193 677 229 cognitioni,
693 190 883 219 rctractationi
902 189 1063 223 cujusquam
1096 186 1218 214 omnium
1258 192 1376 219 unquam
1413 183 1542 215 obnoxia,
1565 191 1614 211 nec
1657 185 1803 218 approba-

170 243 256 270 tionis
288 240 541 268 eonfirmationisve
580 239 673 270 ullius,
703 244 732 265 ut
764 238 843 272 plane
870 236 977 263 valeant
997 235 1162 269 plenumque
1185 231 1312 258 ell'uetum
1342 231 1503 261 sortiantur,
1532 229 1647 264 egentia.
1694 229 1799 264 Neque

171 288 317 323 quisquam
346 286 393 320 qui
418 286 456 313 illi
485 284 686 312 ministraverit
713 284 896 311 obsecutusve
928 281 954 308 in
976 280 1067 315 aliquo
1082 278 1175 308 fuerit,
1193 284 1282 320 neque
1321 276 1377 311 ipse
1411 276 1457 310 qui
1483 283 1531 310 pro
1556 280 1677 309 tempore
1704 275 1799 303 fuerit

172 333 309 368 logothrla
337 336 516 362 secretorum,
541 331 717 366 quantumvis
745 330 814 358 bene
837 335 950 356 secusve
988 331 1106 355 consula
1136 323 1800 362 decretaquevideanturquzemandatafuerint,

151 366 159 377 Χ
172 366 210 406 eoi
221 386 342 413 unquam
359 386 373 405 a
397 386 535 413 quoquam
555 378 666 404 nomine
682 377 772 404 vocari
803 377 830 404 in
853 375 899 411 jus
920 375 952 402 ad
973 380 1140 407 causamque
1153 371 1297 399 dicendam
1316 370 1482 397 rationemve
1522 369 1687 396 reddendam
1732 371 1801 405 cogi

174 425 284 460 poterit.
305 424 412 458 Quippe
445 432 506 450 eum
535 425 627 450 omnia
652 430 832 458 quint-umque
858 421 967 448 tandem
1007 427 1039 447 ac
1054 419 1256 454 qualiacunque
1270 417 1325 462 sint
1339 423 1398 450 qum
1419 421 1504 462 mater
1520 419 1612 462 nostra
1634 415 1797 462 decreverit

174 477 205 497 ac
231 469 344 502 fecerit,
372 470 397 496 vi
430 470 571 504 praesumis
599 469 679 496 bullae
705 476 795 495 aureae
820 467 955 494 vindicata
976 465 1066 498 nobis,
1081 468 1237 498 nostra‘que
1276 460 1431 490 auctoritati
1467 460 1624 496 imputanda
1651 461 1795 495 planeque

175 517 203 543 in
218 524 299 543 omne
314 523 420 550 tempus
436 520 506 547 rata,
529 515 620 547 tirma,
647 515 736 542 valida
760 515 955 546 decernamus,
976 511 1210 544 declaremusque.

211 563 348 590 Iiaclenus
373 563 444 589 bulla
469 571 560 590 aurea.
579 563 666 596 Quam
684 563 730 597 qui
754 561 874 590 attendet
895 560 995 596 jureA

173 610 269 644 utique
285 610 427 636 mirabitur
443 609 591 644 efferetque
615 610 740 637 laudibus
762 610 888 643 pietatem
909 615 957 642 pa-

173 656 224 683 tris
243 656 294 682 mei
308 656 395 683 Alexii
423 655 550 690 Augusti,
567 655 613 690 qui
636 654 702 682 nihil
723 654 801 689 plane
821 654 871 681 sibi
894 654 958 681 reli-

173 711 257 739 quum
273 703 368 729 fecerit
382 703 528 737 quominus
544 703 635 729 omnia
662 708 797 736 suprema:
816 700 957 735 potestatis

172 747 235 782 jura
265 747 421 780 decoraque
446 747 526 774 matri
554 747 626 775 filius
647 755 705 775 suae
731 746 957 778 communicaret,

173 794 289 828 ipsoque
304 795 372 821 adeo
386 794 519 828 imperiali
537 795 606 822 solio
619 803 651 822 ac
665 795 784 829 fastigio,
798 800 829 822 ut
844 799 957 822 matrem

174 839 235 866 loco
249 841 290 867 sui
315 840 433 874 regendo
446 841 525 875 quasi
549 841 642 868 currui
666 834 822 875 reipublicze
839 840 959 875 praefice-

175 889 228 916 ret.
253 886 421 914 descendere
451 887 655 920 quodammodo
683 887 719 914 sit
742 887 829 921 visus,
854 887 958 915 circum

175 930 323 964 apparendi
356 938 388 958 ae
419 931 564 964 cursamli,
591 932 667 960 velut
693 932 837 960 ministerii
864 940 958 965 causa.

175 975 300 1008 partibus
318 975 370 1002 sibi
387 977 578 1003 tantummodo
594 977 752 1009 reservatis.
777 978 891 1012 soloque
909 977 960 1004 im-

176 1023 310 1053 peraloris
324 1021 434 1048 nomine
457 1026 584 1049 retento:
602 1027 628 1050 et
653 1022 705 1049 hoc
731 1030 763 1050 ex
786 1022 960 1050 adolescente

174 1065 228 1098 jam
247 1064 273 1091 in
292 1066 377 1092 virum
392 1066 522 1099 evadens,
545 1074 597 1101 qua
620 1071 699 1094 mtate
722 1066 857 1101 cupiditas
873 1067 958 1102 impc-

175 1110 254 1137 rautli
280 1111 368 1145 major
395 1119 456 1140 esse
480 1113 549 1140 solet
576 1113 601 1139 in
627 1112 783 1140 hominibus
811 1113 852 1140 sic
878 1113 959 1146 natis,

176 1156 272 1191 sicque
289 1157 433 1189 institutis,
449 1158 548 1193 talique
567 1158 675 1185 fortuna
691 1159 757 1186 usis.
776 1159 810 1185 At
824 1166 891 1187 sane
905 1167 960 1187 non

175 1209 285 1236 segnem
297 1203 428 1230 desidiam
443 1208 574 1237 pra‘textu
591 1204 706 1231 materni
725 1205 836 1232 honoris
848 1205 959 1241 obtegit,

1049 558 1130 585 Ἀλλὰ
1146 556 1234 584 ταῦτα
1252 557 1301 592 μὲν
1320 556 1355 583 τὰ
1379 555 1426 582 τοῦ
1446 555 1656 591 χρυσοὸοὑλλου.
1678 554 1800 589 Θαυμά-

1009 613 1066 632 σειε
1082 604 1105 631 δ’
1120 603 1152 630 ἄν
1167 612 1207 635 τις
1222 604 1250 629 ὲν
1265 602 1371 634 τούτοις
1385 602 1430 628 τὸν
1443 603 1508 636 ἐμὸν
1520 601 1626 636 πατέρα
1643 603 1689 627 καὶ
1709 603 1781 628 αὐτο
1796 619 1798 621 ›

1008 651 1130 686 κράτορα
1145 650 1194 684 τῆς
1211 650 1250 681 είς
1265 649 1315 684 τὴν
1331 651 1436 685 μητέρα
1448 649 1544 684 τιμῆς,
1563 649 1610 674 καὶ
1625 649 1698 680 ὅπως
1722 649 1801 683 αὐτῇ

1008 696 1243 731 παρακεχωρήκει
1258 695 1312 722 τῶν
1329 695 1470 726 ἁπάντων,
1486 693 1567 725 αὐτὸς
1583 693 1632 728 τῆς
1649 692 1803 727 βασιλικῆς

1008 744 1087 778 ἡνίας
1098 741 1154 769 οἷον
1169 742 1395 775 ὺπεξιστάμενος,
1411 740 1459 767 καὶ
1473 740 1574 775 τρόπον
1593 739 1655 766 τινὰ
1680 740 1803 773 ἐποχου-

1010 789 1078 824 μένῃ
1094 788 1142 815 τοῦ
1172 786 1311 823 βασιλικοῦ
1336 786 1459 821 ἅρματος
1475 786 1543 821 αὐτῇ
1568 784 1727 820 παραθέων.
1749 784 1802 811 καὶ

1008 834 1088 869 ψιλοῦ
1107 834 1188 869 μόνου
1205 833 1251 860 τοῦ
1270 835 1319 868 τῆς
1348 832 1487 867 βασιλείας
1507 831 1628 866 μετέχων
1649 831 1802 865 ὀνόματος.

1009 881 1105 909 Καίτοι
1117 881 1187 907 κατὰ
1205 880 1255 915 τὴν
1284 879 1392 915 ἠλικίαν
1412 879 1457 905 τὸν
1473 878 1593 913 μείρακα
1616 877 1667 913 ήδη
1690 878 1804 912 παρήλ-

1008 926 1101 958 λαττε,
1119 926 1182 953 καθ’
1194 926 1222 952 ὂν
1238 925 1356 960 μάλιστα
1373 925 1469 959 καιρὸν
1481 924 1627 959 ἐπιφύεται
1640 925 1697 955 τοῖς
1709 923 1805 950 τοιού-

1008 982 1064 1004 τοις
1080 972 1174 1008 ἤθεσιν
1191 973 1204 998 ὁ
1218 972 1267 1005 τῆς
1292 970 1439 1006 φιλαρχίας
1466 970 1548 1005 ἔρως.
1575 970 1645 1001 Τοὺς
1670 970 1720 1003 μὲν
1743 970 1803 1003 γὰρ

1009 1019 1078 1055 πρὸς
1094 1018 1155 1049 τοὺς
1170 1017 1328 1053 Βαρόἀρους
1341 1016 1477 1050 πολέμους
1496 1017 1543 1043 καὶ
1569 1017 1620 1043 ὅσα
1640 1016 1694 1042 τῶν
1707 1016 1803 1043 ἄθλων

1010 1065 1123 1090 καὶτῶν
1135 1065 1250 1098 ἀγώνων
1270 1063 1354 1098 ὑπῆν.
1374 1063 1455 1094 αὺτδς
1477 1062 1641 1095 ἀνεζώσατο,
1657 1062 1749 1088 πᾶσαν
1771 1061 1802 1087 δὲ

1009 1111 1064 1138 τῶν
1079 1111 1252 1146 πραγμάτων
1265 1110 1400 1144 διοίκησιν
1420 1109 1466 1136 καὶ
1482 1108 1623 1139 πολιτικὰς
1637 1108 1735 1142 ἀρχὰς,
1751 1108 1803 1134 καὶ

1010 1156 1073 1186 τοὺς
1089 1155 1153 1190 περὶ
1170 1155 1225 1181 τῶν
1239 1154 1374 1188 εἰσφορῶν
1395 1153 1504 1187 λόγους,
1525 1153 1572 1180 καὶ
1592 1152 1646 1179 τῶν
1659 1153 1728 1187 ὑπὲρ
1749 1153 1803 1186 τῆς

1013 1201 1152 1236 βασιλείας
1177 1202 1364 1237 ἁναχωμάτων
1386 1201 1397 1216 ⁷
1420 1202 1453 1236 τῇ
1482 1200 1565 1235 μητρὶ
1586 1199 1802 1226 κατεπίστευσε.

177 1252 223 1273 aut
240 1247 326 1274 otium
344 1256 471 1275 securum
486 1253 578 1276 astuta
604 1249 704 1284 pietate
726 1250 844 1277 redimit.
860 1249 915 1277 Neu

1061 1256 1066 1273 ι
1089 1247 1155 1279 ἴσως
1172 1247 1221 1282 μὲν
1245 1247 1278 1274 ἄν
1294 1256 1335 1279 τις
1351 1246 1468 1273 ἐνταῦθα
1488 1246 1630 1280 γινόμενος
1651 1245 1800 1280 καταμέμ-

176 1291 275 1318 bellum
293 1292 320 1319 iu
337 1293 468 1321 barbaros
489 1295 663 1330 periculaque
679 1295 724 1322 illa
741 1303 773 1323 ae
789 1296 897 1323 labores
911 1297 962 1324 sibi

176 1338 310 1371 deposcit,
339 1340 464 1373 speciosa
485 1343 512 1366 et
527 1345 680 1374 quaestuosa
702 1345 812 1375 ctetera,
825 1343 963 1377 guberna-

162 1383 275 1410 .tionem
291 1385 474 1419 negotiorum,
486 1385 636 1414 electiones
649 1387 870 1422 magistratuum,
884 1389 963 1416 vecti-

176 1428 276 1463 galium
301 1434 512 1465 sumptuumque
535 1431 706 1466 publicorum
728 1434 858 1466 rationes,
882 1435 962 1463 matri

176 1475 333 1502 committit.
361 1475 478 1502 Nimium
503 1475 529 1503 id
556 1477 665 1511 quidem
687 1477 836 1505 liberaliter
855 1486 886 1506 ac
899 1487 965 1512 pro-

176 1521 249 1555 dign,
263 1522 336 1549 dicat
355 1521 472 1549 fortasse
488 1523 633 1558 quispiam,
651 1524 696 1559 qui
713 1525 802 1552 aulam
831 1526 857 1552 in
869 1534 962 1561 gynae-

177 1575 254 1595 ceum
273 1569 430 1601 transferri,
447 1569 594 1603 etimperii
611 1570 678 1597 tanti
697 1571 960 1599 administrationem

179 1616 334 1643 universam
353 1615 398 1642 uni
421 1616 494 1643 credi
520 1617 626 1644 mulieri
654 1618 766 1645 minime
791 1618 962 1653 probandum

178 1664 262 1695 putet.
284 1660 383 1688 Verum
400 1661 424 1689 is
438 1662 461 1689 si
479 1662 548 1690 sciat
564 1671 597 1690 ac
615 1668 720 1698 reputet
731 1671 811 1698 quam
827 1665 963 1699 exquisita

179 1705 260 1732 fuerit
288 1705 347 1740 ejus
380 1706 504 1735 mulieris
535 1708 700 1742 prudentia,
734 1713 835 1744 quanta
866 1710 962 1742 virtus,

178 1757 260 1784 quam
279 1758 339 1777 rara
356 1751 396 1778 vis
413 1752 523 1785 ingenii,
544 1754 770 1788 vituperationem
787 1755 911 1789 profecto
935 1756 962 1783 in

179 1795 401 1829 approbationem
415 1796 505 1823 statim
521 1797 626 1825 consilii
640 1797 699 1825 talis
715 1803 741 1825 et
754 1799 962 1826 admirationem

180 1845 277 1868 vertat.
296 1840 383 1868 Tanta
404 1843 476 1869 enim
494 1843 545 1869 fuit
565 1843 591 1869 in
616 1843 675 1870 avia
697 1851 755 1870 mea
770 1845 918 1872 dexteritas
935 1845 962 1872 in

180 1887 306 1921 gerendis
322 1887 552 1923 expediendisque
565 1889 656 1920 rebus,
675 1893 749 1917 tanta
763 1890 906 1918 ordinandi
921 1892 962 1919 di-

180 1934 344 1968 gerendique
363 1934 453 1961 civilia
479 1935 588 1969 negotia
613 1934 726 1962 facultas
737 1943 768 1963 ac
786 1937 864 1970 quasi
880 1945 962 1972 capa-
976 1924 997 1951 α

180 1979 249 2006 citas
266 1987 369 2014 magna:
386 1980 494 2012 mentis,
512 1984 540 2006 ut
563 1987 616 2006 non
633 1985 737 2008 tantum
764 1981 886 2010 Roma'uo
913 1984 964 2010 im-

181 2027 257 2060 perio
288 2032 420 2061 quantum
445 2031 514 2057 erat.
542 2026 588 2053 sed
618 2027 709 2060 regnis
732 2036 792 2062 quae
822 2030 872 2056 sub
907 2030 963 2058 sole

180 2075 244 2097 sunt
259 2070 385 2098 oumibus
404 2078 456 2097 una
471 2070 573 2104 optime
596 2072 721 2106 regendis
736 2080 784 2107 par
797 2073 881 2101 videri
900 2083 964 2109 pos-

181 2120 232 2142 set.
247 2116 300 2151 86
322 2115 418 2149 Magno
433 2115 540 2142 scilicet
562 2123 593 2142 ex
622 2116 700 2152 longa
725 2119 890 2152 experientia
912 2129 963 2148 usu

182 2162 293 2195 praedita
320 2169 411 2188 rerutn
442 2161 634 2194 humanarum,
653 2163 761 2198 ingenio
785 2165 897 2200 insuper
929 2168 963 2194 ad

182 2212 293 2234 naturas
306 2214 397 2234 rerum
415 2206 612 2242 facultatesque
632 2209 804 2243 negotiorum
822 2212 964 2246 perviden-

181 2253 230 2280 das
247 2252 315 2280 mire
331 2252 424 2280 solerti
445 2260 452 2279 :
471 2253 515 2279 cui
535 2258 707 2281 numeratum
725 2259 798 2283 esset
820 2263 851 2284 ac
875 2265 965 2291 proni-

182 2305 269 2335 ptum,
287 2300 358 2326 unde
387 2299 569 2327 inchoandum
597 2301 750 2335 quidlibet?
773 2310 824 2336 qua
853 2307 880 2330 et.
909 2312 964 2338 quo

183 2345 405 2381 provehendum?
422 2353 483 2380 qua:
496 2347 650 2381 quibusque
666 2347 889 2381 adversarentur,
905 2358 965 2384 qua:

181 2393 338 2427 quibusque
363 2392 489 2428 juvandis
517 2397 581 2420 nata
608 2398 725 2428 aptaque
754 2401 846 2422 essent
869 2404 875 2421 :
899 2396 964 2430 quid

181 2446 250 2473 opus
268 2438 348 2470 l'aeto,
361 2439 502 2466 celerrime
518 2439 680 2473 pervidens;
702 2439 728 2466 id
743 2440 830 2474 ipsum
852 2441 885 2468 ad
901 2450 964 2476 pru-

181 2486 278 2512 denter
300 2484 505 2519 exsequendum
533 2489 644 2512 strenua
678 2491 704 2512 et
736 2492 878 2513 constans.
909 2487 965 2515 Nec

182 2539 247 2558 vero
259 2539 320 2558 cum
348 2532 429 2559 lautis
444 2531 542 2566 ingenii
567 2531 730 2565 consiliique
751 2531 873 2565 partibus
889 2540 964 2559 eom-

1014 1291 1092 1327 ψοιτο
1105 1292 1154 1327 τὴν
1167 1292 1332 1328 οἰκονομίαν.
1347 1293 1384 1325 ὡς
1399 1292 1599 1326 γυναικωνίτιδι
1612 1291 1803 1318 καταπιστεύ-

1015 1347 1113 1370 σαντος
1133 1338 1235 1374 τούμοῦ
1255 1339 1357 1374 πατρὸς
1368 1339 1417 1373 τὴν
1433 1339 1481 1372 τῆς
1499 1337 1637 1372 βασιλείας
1651 1338 1800 1372 διοίκησιν.

1020 1385 1091 1411 Ἀλλ’
1113 1384 1137 1411 εἰ
1166 1385 1196 1410 τὸ
1223 1385 1350 1419 φρόνημα
1367 1385 1415 1419 τῆς
1437 1385 1566 1418 γυναικὸς
1587 1384 1732 1420 ὴπίστατο,
1751 1386 1800 1414 καὶ

1013 1431 1062 1466 ὅπη
1083 1440 1124 1462 τις
1137 1429 1170 1467 ἦν
1186 1432 1285 1467 ἀρετὴν
1301 1431 1348 1457 καὶ
1365 1431 1410 1458 τὸν
1428 1431 1489 1458 νοῦν
1503 1432 1550 1458 καὶ
1569 1432 1642 1463 ὅπως
1655 1429 1712 1466 εἶχε
1731 1432 1800 1467 69a.-

1015 1478 1200 1512 στηριότητος,
1223 1478 1360 1512 ἀφέμενος
1387 1477 1518 1512 μέμψεως
1548 1478 1615 1512 πρὸς
1639 1478 1733 1512 θαῦμα
1749 1481 1802 1512 τὴν

1016 1522 1119 1557 μέμψιν
1137 1523 1277 1558 μετέὃαλε.
1295 1523 1420 1558 Τοσαύτη
1432 1523 1486 1558 γὰρ
1505 1524 1521 1558 ὴ
1539 1523 1592 1558 ὲμὴ
1612 1523 1712 1559 μάμμη
1731 1525 1801 1559 περὶ

1014 1568 1049 1595 τὰ
1061 1569 1211 1604 πράγματα
1225 1569 1373 1603 δεξιωτάτη
1392 1569 1439 1595 καὶ
1454 1569 1533 1600 τάξαι
1549 1569 1596 1595 καὶ
1620 1570 1800 1604 καταστήτα-
1817 1570 1820 1572 ’

1015 1614 1077 1640 σθαι
1091 1614 1228 1640 πολιτείαν
1246 1614 1409 1649 εὐμήχανος,
1429 1613 1498 1641 ὥστε
1514 1614 1551 1648 μὴ
1570 1615 1649 1649 μόνον
1660 1615 1710 1649 τὴν
1730 1615 1801 1641 Ῥω-

1016 1659 1105 1693 μαίων
1119 1659 1205 1695 ἀρχὴν
1218 1660 1328 1686 διοικεῖν
1342 1659 1481 1691 δύνασθαι,
1502 1659 1569 1686 ἀλλὰ
1586 1660 1631 1687 καὶ
1644 1661 1734 1686 πᾶσαν
1750 1661 1804 1694 τὴν

1015 1703 1081 1729 ὅπου
1096 1703 1197 1738 δήποτε
1214 1703 1354 1738 βασιλείαν
1376 1704 1479 1738 ὁπόσην
1503 1705 1577 1738 ἥλιος
1593 1705 1689 1740 ἐφορᾷ.
1711 1705 1802 1731 Πολυ-

1014 1749 1109 1784 πειρός
1122 1758 1151 1776 τε
1168 1749 1223 1784 γὰρ
1237 1747 1270 1785 ἦν
1285 1751 1333 1776 καὶ
1345 1750 1450 1776 πολλῶν
1477 1751 1646 1785 πραγμάτων
1664 1751 1803 1785 ἐγίνωσκε

1014 1795 1120 1829 φύσεις,
1137 1796 1185 1823 καὶ
1214 1797 1287 1829 ὅπως
1304 1797 1431 1832 ἄρχεται,
1448 1798 1494 1824 καὶ
1514 1798 1554 1828 είς
1574 1797 1588 1823 ὃ
1604 1797 1805 1832 καταντήσειῑν

1013 1842 1128 1869 ἕκαστον
1142 1842 1319 1878 ὲξηπίπτατο,
1335 1845 1382 1869 καὶ
1396 1843 1455 1869 τίνα
1466 1843 1516 1877 μὲν
1527 1843 1607 1869 τίνων
1631 1843 1701 1869 εἰσὶν
1721 1844 1803 1869 ἀναι-

1015 1887 1119 1922 ρετικὰ,
1137 1889 1198 1914 τίνα
1217 1888 1245 1915 δὲ
1259 1888 1359 1924 μᾶλλον
1371 1888 1570 1925 ὲπιρῤώννυσιν
1578 1888 1669 1923 ἕτερα,
1680 1889 1802 1922 ὀξυτάτη

1013 1942 1043 1959 τε
1057 1933 1086 1959 τὸ
1104 1933 1163 1960 δέον
1190 1935 1362 1969 καταμαθεῖν
1384 1935 1430 1960 καὶ
1455 1934 1523 1969 μετὰ
1550 1934 1700 1969 ἀσφαλείας
1712 1942 1803 1960 tuta-

1014 1980 1116 2014 πρᾶξαι
1129 1979 1213 2011 δεινή.
1227 1981 1280 2006 Καὶ
1296 1980 1345 2006 οὐκ
1364 1978 1398 2015 ἦν
1413 1980 1463 2015 μὲν
1476 1979 1525 2014 τὴν
1538 1980 1651 2015 γνώμην
1673 1980 1802 2015 τοιαύτη,

1013 2026 1138 2059 γλῶτταν
1161 2025 1190 2052 δὲ
1215 2025 1289 2061 εἶχεν
1311 2026 1469 2061 ἀπᾴδουσαν
1499 2027 1568 2061 πρὸς
1592 2026 1640 2060 τὴν
1663 2026 1801 2061 γνώμην·

1013 2072 1071 2098 ἀλλ’
1084 2069 1119 2108 ἦν
1135 2072 1298 2107 αὐτόχρημα
1317 2073 1411 2106 ῥήτωρ
1440 2071 1618 2106 πιθανότητος
1637 2071 1658 2102 ⁸,
1672 2072 1721 2098 καὶ
1738 2071 1804 2098 οὒτε

1014 2117 1094 2148 λάλος
1108 2119 1155 2144 καὶ
1174 2118 1214 2150 είς
1230 2118 1316 2153 μῆκος
1333 2118 1399 2149 τοὺς
1419 2117 1516 2151 λόγους
1540 2118 1711 2149 ἐκτείνουσα,
1737 2117 1803 2144 οὔτε

1013 2164 1118 2199 ταχέως
1147 2164 1338 2199 ἀπελίμπανεν
1363 2163 1433 2197 αὑτὴ
1458 2163 1488 2190 τὸ
1518 2163 1625 2196 πνεῦμα
1640 2163 1686 2190 τοῦ
1708 2164 1803 2197 λόγου,

1014 2210 1071 2237 ἀλλ’
1086 2210 1235 2245 ἐπικαίρως
1255 2210 1397 2245 ἀρξαμένη
1415 2211 1454 2241 εἰς
1473 2209 1507 2236 τὶ
1528 2209 1697 2245 καιριώτατα
1720 2210 1804 2236 πάλιν

1015 2256 1161 2291 κατέληγε.
1197 2257 1252 2283 Καὶ
1286 2257 1300 2282 ὁ
1338 2256 1387 2290 μὲν
1419 2255 1558 2290 βασίλειος
1592 2255 1687 2290 θρόνος
1714 2257 1805 2290 αὐτὴν

1015 2304 1232 2337 παρηκμακυῖαν
1255 2302 1429 2336 κατείληφεν,
1442 2302 1485 2328 ὅτε
1503 2301 1550 2328 καὶ
1567 2301 1666 2335 μᾶλλον
1690 2301 1722 2327 τὸ
1737 2311 1804 2336 φρο-

1015 2347 1076 2374 νοῦν
1104 2346 1213 2382 ἦκμαξε
1236 2348 1283 2374 καὶ
1306 2348 1322 2382 ὴ
1338 2346 1446 2378 σύνεσις
1468 2346 1582 2382 ἐπήνθει
1596 2347 1671 2382 καὶὴ
1689 2348 1756 2381 περὶ
1769 2347 1804 2373 τὰ

1015 2394 1166 2428 πράγματα
1184 2394 1323 2428 ἐπιστήμη
1354 2393 1541 2427 συνήκμαζεν,
1556 2392 1585 2425 ὲξ
1597 2389 1635 2418 ὧν
1647 2393 1803 2427 οίκονομῐαι

1015 2439 1062 2466 καλ
1079 2439 1227 2473 διοικήσεις
1254 2439 1284 2465 τὸ
1314 2439 1415 2473 κράτος
1445 2438 1562 2473 ἔχουσιν.
1581 2438 1658 2472 Ἔχει
1679 2438 1707 2464 δὲ
1726 2438 1765 2469 ὡς
1786 2439 1804 2473 ἡ

1015 2485 1127 2520 τοιαύτη
1162 2485 1191 2512 τὸ
1215 2485 1287 2516 είκδς
1314 2485 1406 2520 ἡλικία
1427 2484 1457 2510 οὐ
1489 2484 1569 2518 μόνον
1588 2492 1612 2510 τι
1629 2483 1716 2515 λέξαι
1743 2484 1803 2510 τῶν

1014 2533 1090 2560 νέων
1123 2532 1312 2567 σοφώτερον,
1338 2531 1374 2563 ὼς
1407 2531 1422 2565 ἡ
1445 2530 1583 2566 τραγῳδία
1609 2530 1711 2564 φησὶν,
1733 2530 1803 2557 ἀλλὰ

184 2579 369 2609 luendaretur,
387 2578 529 2605 deficiebat
556 2578 629 2604 illam
649 2577 756 2612 lingua;
771 2579 835 2612 quin
849 2578 923 2605 habcl

1063 2598 1065 2604 τ
1092 2579 1306 2614 συμφορώτερον
1335 2576 1448 2610 πρᾶξαι.
1471 2576 1501 2603 Ὀ
1516 2576 1543 2602 δὲ
1572 2576 1685 2602 κατόπιν
1705 2576 1802 2610 χρόνος

183 2624 340 2651 facultatem
356 2625 415 2657 ejus
429 2626 536 2658 generis
553 2623 671 2650 innatam
699 2624 819 2657 quaesita
835 2624 963 2658 similem,

185 2677 289 2697 natura:
305 2670 385 2702 bono,
403 2678 455 2696 non
473 2669 615 2696 industria:
637 2669 768 2697 beneficio
786 2670 879 2698 rhetor
892 2679 965 2706 quae-

1018 2625 1064 2652 χαὶ
1083 2625 1186 2651 ὁπόταν
1213 2623 1306 2658 ἐκείνη
1340 2623 1400 2654 ταῖς
1428 2622 1575 2656 νεωτέραις
1604 2619 1803 2654 συνεξητάζετο

1018 2671 1136 2705 γυναιξὶ,
1150 2670 1243 2705 θαῦμα
1259 2670 1387 2706 ἄντικρυς
1402 2667 1446 2705 ἦν,
1458 2669 1549 2696 πολιὸν
1563 2669 1590 2695 ὲν
1605 2668 1689 2702 νεαρᾷ
1705 2666 1802 2702 ἡλικίᾳ.

716 2759 814 2791 Varia:
844 2760 994 2792 lectiones
1010 2771 1046 2792 ex
1064 2762 1125 2792 cod
1152 2760 1284 2792 Coislin.

226 2811 236 2827 ⁷
254 2810 449 2844 ἀναλωμάτων.
489 2810 498 2822 “
513 2810 708 2841 πιθανώτατος.
