1871 3048
227 120 282 153 355
866 117 977 149 ΑΝΝΕ
993 117 1187 148 (ΣΟΜΝΕΝίΕ
1829 114 1871 146 351

229 183 307 204 usum
322 175 448 210 oportebit
472 182 697 210 unumquemque,
719 174 781 210 quid
802 161 852 201 sibi
876 175 962 201 reniat
986 175 1012 201 in
1032 179 1143 201 mentem
1160 173 1241 200 libere
1254 173 1404 208 sincereque
1416 179 1569 207 proponere.
1587 172 1686 200 Deinde
1723 178 1791 199 vero
1834 171 1864 197 de

230 221 384 249 liberatione
396 221 520 248 conclusa
537 220 693 247 sententiam
711 227 769 254 qua:
805 219 982 253 praevaluerit,
1014 220 1048 245 ad
1068 219 1185 246 ductoris
1214 219 1366 251 arbitrium,
1389 220 1445 246 sine
1471 219 1528 246 ulla
1551 219 1718 245 dubitatione
1749 218 1871 250 exsequi

230 268 305 303 Agite
318 276 389 302 ergo,
401 268 436 293 ite
445 267 476 308 .in
488 266 727 302 suﬁ‘ragia,eliqite
739 273 916 300 quemcunque
929 265 1071 292 utilissime
1095 264 1273 299 praefuturum
1295 264 1480 290 autumabitic.
1525 262 1567 290 En
1596 271 1641 297 ego
1672 271 1735 290 cum
1779 271 1871 297 agnos

231 323 289 341 tam
302 315 447 349 quicunque
462 314 524 347 erit;
534 318 558 340 et
570 313 698 348 quidquid
727 311 919 347 pra'scripserit
948 312 1057 347 faciam.
1077 311 1192 339 Probata
1208 316 1249 339 est
1267 319 1363 346 magno
1376 311 1543 338 audientium
1561 318 1675 339 assensu
1691 315 1754 337 tum
1773 311 1871 337 oratiu

233 367 292 389 tum
315 361 449 389 modestia
488 361 615 388 liabet-ti.
655 359 785 394 Datisque
810 360 930 387 sortibus
954 367 1060 387 summa
1082 360 1263 387 consensione
1279 359 1400 387 oumium
1417 359 1521 387 electus
1536 359 1564 385 in
1579 359 1676 386 ducem
1692 365 1871 393 supremum

233 410 449 445 praepositusque
463 407 569 435 cunctis
583 407 653 435 idem
670 407 715 434 ille
734 412 786 434 est.
806 408 841 434 At
859 408 882 434 is
897 406 1017 434 delatum
1035 407 1166 434 honorem
1194 407 1293 433 callida
1319 406 1494 433 simulatione
1534 413 1661 433 recusare
1699 406 1868 432 videbatur

233 458 273 484 sic
296 457 386 484 studia
401 456 451 483 sibi
471 454 619 482 faventium
635 455 721 491 magis
738 456 890 482 accendens
906 463 912 481 :
935 454 1016 491 ιιά.
1037 461 1065 483 et
1080 463 1160 490 quem
1179 459 1252 482 tanta
1268 454 1501 481 l'raudulcntarum
1520 454 1620 480 artium
1656 454 1732 480 serie
1767 453 1868 486 primi

233 510 325 540 patum
342 504 487 537 ambiebat,
509 510 584 530 nunc
620 503 673 530 ista
706 502 790 530 oblati
827 503 1016 537 rrpudialione
1054 503 1149 530 fucosa
1178 502 1294 529 validius
1320 507 1452 536 prensans
1477 501 1633 535 certiusque
1660 500 1713 527 sibi
1744 500 1871 526 [limans

233 553 303 588 Ergo
319 551 365 578 ubi
384 551 483 577 multas
507 549 671 578 veteratorie
698 549 843 584 praetexuit
871 547 1022 583 refugiendi
1043 548 1143 575 summi
1162 548 1212 575 loci
1228 554 1340 580 causas,
1363 554 1432 582 quas
1451 554 1482 573 eo
1501 547 1593 573 animo
1625 553 1712 579 eoque
1751 546 1871 572 artiﬁcii

233 599 401 634 proponebat
421 604 517 624 omnes
539 599 569 623 ut
586 596 668 630 plane
685 595 854 622 contrarium
872 594 1068 628 persuaderent
1081 603 1089 621 :
1102 594 1212 621 tandem
1224 597 1252 622 ut
1282 594 1366 621 videri
1401 594 1486 621 voluit
1515 598 1669 628 expugnata
1696 593 1871 620 constantia

233 649 309 673 tanto
340 651 483 678 procerum
511 642 658 669 consensui
684 642 771 668 victas
798 649 895 668 [uanus
920 641 1022 667 invitus
1044 640 1149 668 setlicet
1168 640 1252 668 dedit.
1272 640 1387 673 Quando
1404 643 1430 667 ct
1465 641 1595 674 reliquam
1636 639 1706 666 hanc
1737 639 1776 666 ad
1807 641 1871 675 ipso

232 692 384 719 orationem
402 689 428 716 in
447 689 519 716 hunc
532 688 644 715 modum
663 687 800 723 pertexuit
820 697 826 715 :
843 687 940 715 Audite
955 696 1040 714 meum
1058 688 1209 721 consilium,
1225 689 1330 715 comites
1346 689 1494 723 militesque
1524 688 1628 723 reliqui.
1643 686 1871 721 Quttndoquiden

233 738 324 764 relicta
338 744 425 763 omnes
434 735 521 771 patria
532 734 581 761 ltuc
590 735 722 769 progressi
735 739 836 761 stamus
849 734 876 760 in
904 733 1043 767 procinctu
1081 734 1115 760 ad
1128 733 1319 760 decernendam
1336 735 1390 761 acie
1404 742 1462 760 cum
1477 735 1634 768 imperatore
1652 733 1871 760 bellicosissima

232 785 277 821 qui
301 791 383 818 nuper
409 781 553 809 admodum
574 783 684 816 adeptus
711 788 820 815 regnum
841 780 907 806 nillil
926 781 1015 815 utique
1033 780 1084 806 sibi
1098 781 1178 815 faciet
1195 780 1290 816 reliqui
1303 781 1338 806 ad
1352 789 1454 809 omnem
1475 785 1560 807 artem
1591 784 1791 812 conatumque,
1832 789 1871 814 qui

232 833 351 866 auspicia
365 831 530 864 principatus
547 829 589 855 sui
608 828 694 863 potius
712 827 829 854 honestet
846 826 955 854 victoria
975 827 1080 857 celebri.
1097 835 1177 862 quam
1191 830 1320 862 probrosa
1333 827 1406 854 clade
1437 827 1583 854 dedecoret.
1618 825 1666 854 Est
1705 832 1811 853 autent
1844 828 1871 853 ill

233 889 285 908 non
305 881 436 907 insuetum
462 878 572 909 vincere,
595 877 638 911 qui
659 877 706 902 sub
730 876 863 910 prioribus
892 875 1018 910 Augustis
1039 874 1124 902 multa
1143 880 1168 902 et
1194 884 1292 910 magna
1309 875 1375 902 bella
1398 876 1555 910 confecerit,
1596 879 1783 911 tyrannosque
1832 886 1871 903 πω

231 935 329 962 paucos
375 927 455 954 victos
499 925 557 952 acie
582 929 725 958 captosque
750 922 903 949 adduxerit.
922 921 1056 954 Quoniam
1075 922 1142 954 lucc,
1159 923 1278 956 inquam,
1301 922 1340 948 ita
1363 926 1424 948 sunt
1440 927 1493 949 toto
1511 923 1600 950 animo
1626 927 1734 958 totoque
1753 929 1871 957 recture

231 975 305 1002 nobis
324 975 440 1001 arbitror
455 973 522 1000 lianc
538 979 653 1007 pugnant
670 978 726 997 esse
751 969 948 1004 capessendam,
984 969 1101 996 omnium
1135 971 1234 996 securis
1255 978 1341 997 rerum
1363 970 1479 997 aliarum
1520 976 1694 1007 praterquom
1730 973 1867 1000 victor-iit

230 1031 309 1058 quatit
332 1022 355 1048 si
379 1022 449 1049 Deus
476 1020 612 1050 annuerit,
628 1019 731 1045 abunde
769 1018 861 1044 divites
902 1020 1057 1052 copioseque
1075 1018 1200 1044 instructi
1223 1019 1321 1045 erimus
1349 1024 1377 1045 ut
1405 1024 1580 1054 praeterquam
1605 1021 1765 1054 inconsulti,
1797 1024 1871 1049 ειίιη

230 1072 307 1098 erilis
328 1070 486 1104 angustique
508 1069 543 1096 sit
563 1068 646 1094 animi
665 1074 699 1093 ea!
722 1066 890 1102 parcimonia
911 1067 1035 1100 pra'senti
1055 1066 1105 1093 sibi
1121 1067 1147 1092 in
1165 1071 1266 1101 tempus
1283 1068 1355 1093 istud
1375 1067 1439 1094 velle
1454 1069 1602 1095 consulere.
1621 1068 1684 1095 Non
1699 1069 1777 1095 enim
1823 1073 1871 1104 jar.

230 1118 354 1145 dubitabo
366 1117 452 1144 dicere
468 1116 530 1150 quid
546 1115 632 1148 uelim,
649 1114 742 1149 quidue
757 1114 936 1141 necessarium
955 1114 1027 1148 factu
1047 1114 1173 1141 arbitrer.
1185 1113 1271 1140 Plane
1292 1119 1404 1148 oportet,
1416 1114 1506 1149 itaque
1521 1114 1606 1146 iubeo,
1628 1123 1690 1142 rasa
1715 1115 1871 1150 sape/lecti

231 1166 318 1200 lioque
350 1171 439 1191 nostra
472 1168 569 1190 cuncta
593 1163 770 1190 comburere:
791 1161 928 1188 onerarias
957 1169 1015 1188 vero
1033 1162 1184 1196 perforatas
1203 1167 1228 1189 et
1243 1170 1302 1188 cum
1317 1170 1394 1189 onere
1417 1163 1561 1197 perituras,
1577 1163 1604 1189 in
1637 1171 1710 1190 mare
1734 1165 1855 1193 trudere

230 1213 320 1246 sicque
334 1220 393 1238 cum
409 1211 500 1238 Mettio
516 1217 633 1244 pugnare
646 1214 771 1242 tanquam
791 1207 887 1234 ibidem
900 1207 977 1234 niodo
989 1213 1078 1242 natos,
1103 1217 1213 1245 moxque
1240 1209 1394 1236 morituros.

231 1258 344 1292 singuli.

268 1303 344 1329 Talia
373 1300 500 1328 versabat
529 1299 632 1331 animo.
660 1299 840 1332 consulebat,
869 1299 1062 1334 agebatqueA

231 1349 368 1376 Robertus
385 1355 391 1373 :
414 1347 466 1373 alia
481 1354 497 1372 e
514 1345 655 1372 contrario
673 1345 787 1372 Alexins
800 1364 808 1377 ,
826 1345 913 1380 magis
937 1346 1020 1372 etiam

232 1395 304 1422 varia
328 1393 539 1428 excogitataque
562 1391 681 1419 acutius.
710 1392 740 1418 lu
756 1399 789 1419 eo
816 1392 1022 1420 conveniebant

231 1443 311 1467 ainbo
328 1444 419 1466 tamen
433 1459 440 1471 ,
454 1437 528 1473 quod
542 1438 715 1465 continerent
732 1443 849 1472 uterque
864 1439 957 1466 adhuc
971 1446 1021 1465 ex-

231 1486 347 1513 ercitum
364 1493 371 1511 :
386 1491 434 1519 per
451 1484 525 1510 illam
540 1491 644 1511 moram
659 1483 843 1518 exquisitioue
864 1483 1018 1511 attentissi-

232 1539 275 1558 ma
292 1531 454 1565 indagantes
471 1537 519 1564 pro
540 1536 570 1557 se
585 1529 702 1565 quisque
717 1537 842 1564 quaenam
859 1534 932 1557 esset
949 1529 1021 1556 ratio

231 1577 359 1604 vincendi
388 1576 553 1603 certissima.
578 1575 729 1610 Imperator
755 1576 864 1611 quidem
891 1584 967 1610 spem
995 1576 1022 1602 in

231 1627 426 1657 strategemate
443 1622 560 1656 ponebat
572 1642 580 1654 ,
597 1629 652 1656 quo
668 1629 698 1649 se
718 1622 811 1650 hostes
826 1624 1020 1650 conclusurum

232 1669 262 1695 iu
289 1668 379 1695 medio
406 1668 572 1695 crediderat.
597 1668 705 1695 Auxilia
722 1668 847 1696 videlicet
870 1668 1021 1701 universa,

233 1718 373 1745 cunctam,
392 1714 513 1748 inquam,
528 1715 666 1742 sociarum
680 1714 800 1749 gentium
817 1714 943 1741 militiam
965 1715 1020 1742 cir-

232 1761 398 1788 cumducere
420 1761 490 1788 clatu
515 1761 609 1788 hostili
626 1761 758 1788 exercitui
773 1760 898 1795 parabat.
913 1761 1023 1796 iussos-

232 1815 287 1842 que
296 1807 385 1841 legere
399 1809 481 1834 maris
492 1807 567 1834 littus
579 1814 659 1841 quam
673 1806 831 1842 longissimo
841 1807 959 1835 circuitu
968 1815 1022 1841 quo

234 1853 342 1880 facilius
360 1852 474 1880 Robcrti
496 1852 693 1885 providentiam
709 1853 845 1885 fallerent,
860 1854 887 1880 in
911 1861 974 1881 eum
991 1861 1020 1881 se

233 1900 322 1926 locum
337 1907 421 1934 quam
434 1906 483 1926 ate
493 1898 622 1926 dtissime
633 1898 759 1926 conferre
773 1899 936 1933 imperabat,
950 1898 1022 1926 unde

234 1947 366 1981 impetum
383 1954 397 1972 a
420 1951 495 1980 tergo
509 1945 600 1972 facere
617 1945 644 1972 in
658 1945 750 1973 hostes
764 1952 877 1973 aversos
896 1950 1020 1980 pOSsent,

1439 1209 1604 1237 Annuerunt
1647 1210 1691 1238 his
1737 1214 1868 1238 omniLu

1115 1299 1197 1326 Ἀλλὰ
1220 1299 1334 1326 τοιαῦτα
1360 1299 1410 1334 μὲν
1426 1299 1461 1326 τὰ
1483 1300 1530 1326 τοῦ
1560 1300 1731 1335 Ῥομπέρτου
1759 1302 1869 1338 διανειή

1074 1346 1149 1381 ματά
1164 1354 1194 1372 τε
1210 1346 1257 1372 καὶ
1271 1345 1446 1380 βουλεύματα
1466 1354 1473 1361 ·
1491 1346 1561 1373 ἄλλα
1578 1347 1665 1373 ταυτὰ
1681 1347 1704 1363 ⁸⁸
1716 1347 1769 1374 τοῦ
1793 1350 1871 1376 αὐτο

1073 1392 1209 1426 κράτορος
1227 1390 1414 1426 ποικιλώτερά
1430 1400 1460 1418 τε
1473 1392 1522 1418 καὶ
1541 1390 1669 1427 ὀξύτερα.
1696 1393 1842 1429 Συνεῖχον
1860 1397 1871 1421 ιΞ

1072 1437 1149 1471 ὅμως
1163 1437 1188 1463 οἱ
1200 1437 1363 1472 δημαγωγοὶ
1378 1437 1462 1471 ἄμφω
1475 1437 1509 1464 τὰ
1524 1438 1730 1472 στρατεύματα,
1747 1447 1868 1474 στρατη

1073 1483 1136 1516 γιας
1154 1482 1202 1509 καὶ
1216 1483 1399 1517 δημαγωγίας
1415 1483 1480 1518 πέρι
1497 1482 1700 1518 βουλευόμενοι,
1712 1484 1798 1516 ὅπως
1815 1494 1871 1520 μετ

1072 1530 1232 1565 ἐπιστήμης
1247 1529 1493 1564 δημαγωγήσαιεν,
1510 1529 1556 1556 καὶ
1573 1530 1807 1564 στρατεύσοιντο.
1822 1533 1871 1558 K1

1072 1576 1086 1602 ὁ
1104 1575 1154 1610 μὲν
1173 1575 1356 1612 αὐτοκράτωρ
1374 1577 1477 1611 αἴφνης
1499 1576 1598 1608 νυκτὸς
1611 1577 1640 1610 ἐξ
1663 1577 1809 1612 ἑκατέρου
1829 1580 1871 1614 μέη

1075 1630 1138 1657 ρους
1164 1622 1339 1649 ὲπεισπεσεῖν
1360 1623 1382 1638 ⁸³
1398 1624 1429 1658 τῇ
1444 1622 1491 1648 τοῦ
1511 1623 1682 1658 Ῥομπέρτου
1699 1626 1871 1660 παρεμδοὶῇ

1075 1668 1274 1703 σκεπτόμενος,
1303 1668 1333 1694 τὸ
1362 1669 1414 1703 μὲν
1438 1669 1547 1695 ἐθνικὸν
1571 1668 1646 1696 ἅπαν
1661 1670 1685 1685 ⁵⁸
1702 1672 1871 1707 στράτευμα

1073 1714 1128 1741 ἀπὸ
1147 1715 1195 1741 τοῦ
1210 1715 1326 1741 ὄπισθεν
1342 1716 1446 1751 μέρους
1476 1716 1612 1750 ἐπέτρεψε
1636 1716 1815 1753 προσϐαλεῖν
1836 1719 1871 1745 διέ

1073 1761 1128 1787 τῶν
1143 1761 1253 1788 ἁλυκῶν
1269 1760 1435 1793 διελθόντας,
1453 1763 1500 1788 καὶ
1514 1761 1626 1789 πλείονα
1640 1762 1691 1797 τὴν
1704 1763 1871 1800 ὁδοιπορία

1073 1807 1258 1840 ἀναδέξασθαι
1285 1808 1386 1839 αὐτοὺς
1407 1808 1451 1835 διὰ
1468 1808 1498 1835 τὸ
1515 1809 1670 1836 ἀνύποπτον
1681 1811 1736 1837 οὐκ
1753 1812 1871 1847 ἁπηνῄ.

1074 1862 1140 1881 νατο
1154 1862 1160 1869 ·
1173 1853 1255 1886 αὐτὸς
1274 1854 1302 1880 δὲ
1322 1853 1377 1880 ἀπὸ
1395 1855 1450 1881 τῶν
1464 1854 1631 1890 ἔμπροσθεν,
1647 1855 1772 1891 ὁπηνίκα
1792 1859 1871 1891 γνοίι

1074 1900 1229 1934 ἐφθακότας
1243 1901 1306 1933 τοὺς
1319 1901 1536 1933 ἀποσταλέντας,
1553 1901 1684 1937 ἠϐούλετο
1695 1903 1871 1936 προσϐαλεῖς

1074 1946 1114 1981 τῷ
1133 1947 1308 1982 Ῥομπέρτῳ.
1325 1947 1374 1978 Ὃς
1389 1948 1471 1978 κενὰς
1492 1948 1542 1978 τὰς
1562 1948 1667 1982 σκηνὰς
1689 1950 1871 1977 καταλιπὼν

232 1994 328 2019 eodem
354 1997 475 2026 tempore
496 1998 551 2026 quo
574 1991 632 2025 ipse
657 1998 720 2018 cum
740 1996 839 2018 caetero
858 1992 971 2019 exerciti

1139 1993 1238 2025 νυκτὸς
1251 1993 1297 2020 διὰ
1310 1993 1361 2028 τῆς
1384 1994 1510 2029 γεφύρας
1534 1994 1701 2029 διεληλυθὼς
1728 1996 1832 2032 (ὀγδόη
1856 1998 1869 2023 δ

234 2038 323 2065 fronte
343 2036 493 2064 Robertum
507 2035 673 2063 adoriretur.
691 2035 742 2069 Qui
756 2036 866 2071 quidem
882 2037 1020 2065 “obortus

233 2083 417 2111 tabernaculis
441 2081 535 2109 vacuis
550 2081 664 2115 relictis,
688 2086 798 2117 pontem
826 2087 907 2110 nocte
924 2087 1017 2111 trans-

232 2137 344 2164 gressus
377 2127 585 2162 (numerabatur
600 2132 656 2155 tum
673 2132 770 2155 octava
785 2135 870 2164 supra
884 2129 916 2156 10
936 2131 1019 2157 Ucto-

233 2174 291 2201 bris
304 2173 372 2203 dies,
387 2172 538 2199 indictione
555 2173 663 2208 quinta)
677 2173 704 2201 in
722 2175 853 2209 templum
866 2176 1018 2210 antiquitus

233 2223 401 2247 exstructum
423 2225 506 2253 prope
521 2226 605 2252 mare,
618 2219 645 2246 in
661 2220 772 2247 nomine
787 2221 913 2257 martyris
927 2221 1018 2249 Theo-

232 2266 291 2293 dori
307 2272 337 2292 se
349 2265 464 2292 contulit.
477 2272 539 2293 cum
553 2266 676 2293 exercitu
689 2274 740 2294 suo
755 2267 884 2295 universo
901 2275 908 2293 :
925 2267 1019 2302 ibique

233 2319 281 2346 pcr
294 2316 379 2338 totam
395 2315 501 2338 noctem
516 2312 661 2346 propitiato
676 2313 805 2347 precibus
828 2313 949 2345 numine,
965 2314 1015 2340 im-

234 2356 367 2384 maculata
388 2356 536 2392 divinaque
558 2358 687 2392 mysteria
710 2365 868 2393 parce-pere.
895 2358 960 2386 lude
980 2360 1013 2386 ad

233 2403 420 2429 instruendam
441 2402 525 2430 aciem
543 2410 649 2434 versus,
674 2402 701 2429 in
725 2410 757 2430 ea
779 2404 837 2437 ipse
858 2404 946 2430 media
963 2405 1016 2432 sibi

231 2449 330 2484 delegit
360 2449 484 2484 cepitque
500 2449 604 2477 locum.
624 2449 715 2477 Cornu
729 2450 801 2484 quod
820 2457 894 2477 mare
911 2457 1019 2485 specta-

1070 2036 1105 2074 ἧν
1123 2039 1191 2074 πρὸς
1206 2041 1240 2075 τῇ
1254 2039 1355 2076 δεκάτῃ
1371 2039 1420 2066 τοῦ
1448 2041 1649 2075 παριπεύοντος
1663 2042 1686 2057 ⁸⁵
1711 2043 1806 2076 μηνὸς
1833 2045 1871 2070 ὐ-

1071 2085 1224 2120 κτωσριου,
1238 2086 1428 2122 ὲπινιμήσεως
1441 2087 1584 2122 πέμπτηί)
1600 2087 1630 2114 τὸ
1647 2088 1722 2123 παρὰ
1742 2088 1799 2124 τὴν
1824 2091 1871 2117 (λάε

1073 2131 1174 2158 λατταν
1205 2132 1250 2158 ἐπ’
1269 2132 1383 2168 ὀνόματι
1399 2132 1447 2160 τοῦ
1464 2133 1604 2168 μάρτυρος
1619 2134 1763 2169 Θεοδώρου
1779 2137 1871 2163 πάλαι

1073 2177 1291 2213 ἀνοικοδομηθὲν
1309 2177 1424 2213 τέμενος
1440 2178 1577 2206 κατέλαϐε
1593 2179 1665 2206 κατὰ
1685 2180 1744 2216 (66)
1762 2183 1871 2215 παντὸς

1072 2223 1121 2250 τοῦ
1141 2224 1361 2258 στρατεύματος.
1386 2225 1442 2252 Καὶ
1467 2224 1502 2253 διε
1525 2225 1589 2261 ὅλης
1614 2226 1713 2257 νυκτὸς
1738 2227 1770 2253 τὺ
1795 2228 1871 2255 θεῖοι

1073 2270 1339 2306 ἑξευμενιζόμενοι,
1375 2271 1430 2298 τῶν
1459 2272 1603 2307 ἀχράντων
1623 2272 1672 2299 καὶ
1698 2272 1783 2300 θείων
1815 2284 1871 2309 μυ-

1074 2314 1193 2350 στηρίων
1213 2315 1272 2350 (90)
1296 2315 1514 2351 μετελάμὸανον.
1544 2315 1612 2344 Εἶτα
1638 2317 1688 2349 τὰς
1714 2318 1789 2350 ἰδίας
1821 2330 1871 2347 κα-

1072 2361 1211 2396 ταστήσας
1250 2362 1418 2396 φάλαγγας,
1445 2362 1496 2398 τὴν
1524 2365 1612 2399 μέσην
1637 2364 1726 2391 εἵλετο
1758 2367 1782 2381 ⁸⁷
1818 2368 1871 2394 τειῦ

1074 2407 1263 2443 συντάγματος
1306 2409 1420 2444 χώραν,
1449 2410 1479 2436 τὸ
1508 2410 1536 2436 δέ
1563 2419 1595 2445 γε
1623 2412 1692 2446 πρὸς
1723 2412 1871 2440 θάλαττα)

1073 2452 1159 2487 κέρας
1255 2454 1398 2490 Ἀμηκέτῃ
1424 2454 1446 2470 ⁸⁸
1476 2454 1532 2491 (91)
1554 2456 1690 2491 ἐπέτρεψε
1717 2457 1827 2492 κόμπτι
1847 2460 1871 2474 ⁸⁵

726 2520 826 2550 Variae
838 2519 990 2550 lectiones
1002 2528 1039 2550 cx
1059 2522 1129 2552 cod.
1144 2522 1280 2554 Coislin.

259 2570 281 2585 ⁶²
293 2569 360 2596 ἀλλὰ
375 2570 397 2596 δ’
408 2570 487 2597 αὐτά.
525 2571 548 2587 ⁸³
564 2571 715 2597 ἐπιπεσεῖν.

232 2614 304 2647 Zeto.
344 2605 366 2621 ⁶⁹
387 2605 531 2642 Ἀμικέτῃ.

756 2571 779 2587 ⁸⁵
793 2571 875 2598 Deest
892 2579 944 2599 vox
961 2572 1044 2600 ἅπαν.

1084 2573 1106 2588 ⁸³
1121 2573 1270 2608 ἐληλυθώς.
1312 2574 1334 2590 ⁸⁸
1350 2575 1582 2609 παριππεύοντας.
1621 2576 1643 2591 ⁵⁷
1663 2576 1743 2610 μετά.
1786 2576 1809 2592 ⁸³
1823 2579 1866 2604 εἴ-

759 2675 828 2707 Car.
845 2676 1007 2708 Dul'resnii
1020 2678 1067 2707 Du
1086 2678 1196 2717 Cangii
1216 2682 1310 2710 notae.

270 2722 325 2757 (90)
340 2722 407 2765 ,Τῶν
435 2725 532 2765 astate
541 2725 726 2765 μυστηρίων.
742 2726 886 2765 Malaterra
897 2747 906 2760 ,
933 2727 1009 2754 illam

1126 2729 1247 2763 punctive
1266 2729 1418 2764 conﬁtentes
1440 2735 1558 2765 peccata,
1588 2731 1748 2758 muniuntur
1776 2740 1862 2759 sacra

232 2764 319 2799 autem
336 2759 417 2791 facta,
443 2761 498 2786 dux
523 2761 579 2792 ipse
595 2759 660 2787 lucis
686 2763 851 2799 crepusculo,
874 2771 1014 2798 omnesque

234 2798 318 2818 nostri
331 2799 467 2832 surgentes
489 2802 548 2821 cum
565 2803 667 2823 summa
684 2798 821 2824 deuotione
838 2798 949 2832 hymnos
969 2799 1015 2824 Dei

234 2835 294 2853 cum
319 2829 458 2856 missarum
495 2831 670 2859 cclebratione
698 2833 828 2867 audiunt,
855 2829 1016 2867 presbyteris

1075 2764 1170 2791 Viatict'
1187 2765 1353 2792 ministeriis.

1106 2801 1162 2835 (9i)
1192 2799 1234 2832 Τῷ
1254 2800 1414 2835 νἈμικέτῃ.
1444 2799 1566 2828 Meminit
1593 2801 1724 2829 Amicelaa
1745 2803 1861 2830 comitis

1071 2842 1221 2869 anouytnus
1250 2834 1377 2863 Bat‘ensis
1406 2835 1434 2863 in
1464 2837 1568 2864 Chron.
1599 2844 1644 2864 an.
1673 2837 1860 2865 ίυϐὃιοὺίιι
