1871 3048
72 167 128 199 $65

71 267 120 293 τοῦ
139 265 266 300 σώματος
285 265 383 300 μικρὺν
398 264 579 300 παραξέσασσ.
590 264 606 299 ἠ
618 263 665 290 τοῦ
681 262 775 298 ξίφους
786 261 864 297 ἀκμὴ

72 313 140 348 περὶ
162 313 212 347 τὴν
229 311 314 347 ἀκοὴν
331 310 565 347 παραποδισθεῖσα
584 311 634 345 τῆς
657 309 789 345 κόρυθος,
817 309 865 336 καὶ

72 359 119 386 τὴν
144 358 293 392 συνέχοντα.
318 357 421 393 ταύτην
444 356 495 383 ὑπὸ
510 357 560 392 τὴν
579 358 661 391 γένυν
686 355 786 390 ἱμάντα
808 354 866 382 δια-

73 404 217 436 σπάσασα,
232 401 287 430 ὦσε
305 403 408 438 ταύτην
422 404 463 435 εἰς
477 403 539 438 γῆν.
556 402 715 438 Τηνικαῦτα
736 401 766 428 δὲ
784 401 799 427 ὁ
817 401 866 436 μὲν

74 450 180 481 Κελτὸς
204 451 308 482 ἐκεῖνος
335 449 469 485 παραοέει
492 449 522 476 ὃν
550 448 619 484 ᾤετο
642 448 867 483 κατακρημνίσαι

72 495 122 522 τοῦ
140 496 237 527 ἵππου,
260 497 274 522 ὁ
293 496 314 522 δ’
330 495 410 527 εὐθὺς
424 495 557 531 ὀρθωθεὶς
579 496 626 521 ἐπὶ
643 496 693 530 τῆς
711 493 867 528 ὲφεατρίδος

73 543 185 577 ἑδραῖος
211 542 347 576 ἐκάθητο,
378 542 463 576 μηδὲν
499 541 555 568 τῶν
583 541 673 568 ὃπλων
711 539 866 568 ἀποὸαλών.

81 588 166 615 Ἃ).λά
190 588 238 614 καὶ
261 588 365 622 γυμνὸν
387 587 418 613 τὸ
440 587 515 622 ξίφος
533 586 655 622 κατέχων
670 587 704 622 τῇ
720 585 805 620 δεξιᾷ,
829 584 868 620 τῷ

73 635 103 661 δὲ
117 634 212 670 λύθρῳ
230 633 276 660 τοῦ
296 634 362 660 ἰδίου
382 633 591 668 πεφοινιγμένος
612 633 737 668 αἵματος,
756 632 802 659 καὶ
818 631 868 667 τὴν

74 679 202 714 κεφαλὴν
216 678 436 714 ἀπερικὰλυπτον
453 679 522 714 ἔχων
536 698 543 711 ,
561 679 609 705 καὶ
623 678 673 713 τὴν
694 677 802 713 πυρσὴν
822 676 869 703 καὶ

75 726 199 761 ὴλιῶσαν
223 725 313 761 κόμην
341 724 589 760 περιπλανωμένην
613 725 673 755 ταῖς
698 725 796 760 ὄψεσι,
821 723 869 750 καὶ

75 770 238 798 διοκλοῦσαν
249 770 309 786 ⁸⁵⁸³⁸
334 770 430 797 αὐτόν’
448 771 462 796 ὁ
490 770 545 805 γὰρ
563 770 646 801 ἵππος
669 769 869 804 ταραττόμενος

76 816 127 843 καὶ
149 815 298 844 ἀποπτύων
319 816 383 848 τοὺς
398 815 525 850 χαλινοὺς
539 816 587 842 καὶ
610 816 785 850 φριμάσσων,
803 815 869 842 dra.-

76 862 210 897 κτότερον
230 862 378 897 ἐμπίπτειν
403 861 441 897 τῷ
456 862 595 898 προσώπῳ
615 863 678 893 τοὺς
704 861 869 897 βοστρύχους

76 909 301 944 παρεσκεύαζεν·
319 908 388 935 ἀλλὰ
411 908 458 936 καὶ
482 908 520 940 ὡς
545 908 640 935 ἑαυτὸν
662 908 870 941 evenissent:-

78 963 136 986 νος,
155 954 194 986 ὡς
215 954 289 989 ὲνῆν,
311 956 370 986 τοῖς
397 954 529 985 ἐναντίοις
548 953 768 981 ἀντικαθίστατο.
792 954 869 980 Ἐπεὶ

75 998 171 1025 δὶκαὶ
198 999 263 1030 τοὺς
288 998 426 1034 Τούρκους
450 999 517 1034 (96³)
542 998 692 1033 φεύγοντας
715 1000 800 1033 ἑώρα,
822 1001 870 1026 καὶ

76 1044 163 1071 αὑτὸν
176 1044 221 1070 τὸν
236 1044 344 1071 ΒΟδῖνον
361 1044 532 1079 ἀπολέμητον
547 1045 743 1080 ὑποχωροῦντα
754 1053 762 1060 ·
785 1045 870 1072 ὥπλι-

76 1098 129 1116 στο
148 1090 202 1125 γὰρ
223 1091 273 1116 καὶ
292 1086 369 1122 οὗτος
395 1091 443 1116 καὶ
467 1091 507 1122 εἰς
535 1091 653 1126 πολέμου
679 1092 764 1118 τύπον
794 1093 817 1108 ’⁸
840 1092 871 1118 τι

77 1136 164 1163 αὐτοῦ
179 1136 352 1168 διατυπώτας
372 1137 530 1171 στράτευμα
546 1138 616 1164 κατᾶ
631 1138 744 1171 ταυτηνὶ
772 1139 792 1154 ⁸⁷
821 1138 871 1173 τὴν

78 1182 187 1217 ἡμέραν
202 1182 305 1215 ἵπτατο,
322 1184 359 1215 ὼς
375 1183 522 1218 ὲπαρήξων
536 1183 606 1217 τάχα
622 1185 662 1217 τῷ
677 1183 870 1219 αὐτοκράτορι,

77 1227 154 1255 κατὰ
175 1228 225 1259 τὰς
244 1229 312 1264 πρὸς
331 1229 412 1256 αὐτὸν
426 1229 613 1264 γεγενημένας
638 1229 791 1265 συνθήκαςο
809 1231 873 1257 ικα-

81 1273 246 1310 ραδόκειδὲ,
261 1275 299 1305 ὡς
322 1274 420 1306 ἔοικεν,
445 1274 488 1301 ἵνα
515 1275 539 1301 εξ
567 1276 615 1310 μὲν
639 1275 689 1311 τὴν
714 1275 799 1311 ῥοπὴν
823 1275 873 1310 τῆς

76 1320 160 1355 νίκης
174 1321 215 1356 τῷ
235 1321 417 1356 αὐτοκράτορι
432 1321 554 1348 δοθεῖσαν
569 1322 656 1357 γνοίη,
671 1322 808 1357 ὲπιτεῦείη
826 1322 873 1349 καὶ

78 1366 163 1397 αὐτὸς
183 1367 239 1398 τοῖς
257 1367 380 1398 Κελτοῖς,
407 1368 432 1394 et
452 1367 480 1393 δὲ
504 1367 668 1399 τούναντίον,
683 1369 828 1403 ἀτρεμήοῃ
843 1375 872 1394 τι

79 1412 131 1439 καὶ
152 1411 317 1444 ὀπισθόπους
334 1413 460 1448 γένηται·
478 1413 563 1440 ταῦτα
582 1413 816 1448 διαλογιζόμενος,
835 1412 872 1444 ὡς

79 1457 113 1490 ἐξ
135 1454 174 1484 ὧν
199 1458 352 1494 ἐπεπράχει
380 1459 470 1494 δῆλον,
488 1459 533 1486 καὶ
555 1458 604 1494 τὴν
629 1459 748 1485 νικῶσαν
770 1459 873 1493 ἀπάρτι

80 1505 146 1535 τοὺς
168 1503 286 1535 Κελτοὺς
306 1505 434 1538 ἐγνωκὼς
449 1505 574 1539 ἔχοντας,
599 1504 732 1539 ἄγευπτος
754 1504 872 1539 πολέμου

81 1550 114 1577 τὺ
141 1551 281 1586 παράπαν,
298 1552 389 1578 οἴκαδε
412 1551 677 1588 ὲπαναδεδραμήκει.
700 1551 730 1577 '0
749 1550 777 1577 δὲ
794 1552 874 1578 αὺτο-

81 1596 197 1632 κράτωρ
220 1597 308 1624 ταῦτα
330 1597 515 1632 θεασάμενος,
540 1597 587 1624 καὶ
600 1598 642 1629 ’ὡς
663 1597 686 1614 ³⁸
707 1597 808 1632 μηδένα
828 1597 874 1624 τὸν

82 1641 159 1676 αὐτῷ
181 1642 357 1676 ἑπαμύνοντα
373 1643 489 1678 βλέπων,
508 1642 543 1671 τὰ
558 1643 714 1678 μετάφρενα
729 1643 777 1669 καὶ
793 1643 874 1674 αὐτὸς

82 1687 236 1722 τηνικαῦτα
254 1688 347 1715 δίδωσι
362 1689 419 1719 τοῖς
435 1689 575 1719 ἐναντίοις.
590 1689 645 1715 Καὶ
660 1688 746 1720 οὕτως
762 1689 873 1716 ἐδίωκον

81 1730 108 1758 οι
121 1731 234 1758 Λατῖνοι
249 1732 279 1758 τὸ
299 1732 454 1766 Ῥωμαϊκὸν
472 1732 641 1767 στράτευμα.

708 164 727 192 Α
735 160 913 192 LEXIADIS
935 160 1009 190 LIB.
1030 160 1081 192 Ν.

70 222 110 252 ὡς
123 221 167 247 ἐπ’
181 219 266 255 οὐρὰν
279 218 325 246 τοῦ
341 219 426 245 ἵππου
442 218 527 246 ἑθετο.
543 218 599 245 Καὶ
612 217 694 248 εὐθὺς
707 215 751 243 τὸν
771 224 809 251 χρι

1018 213 1156 247 obtinens,
1173 218 1227 241 tres
1244 212 1415 244 Lat'norum,
1431 219 1546 246 quorttnt
1563 218 1636 240 unus
1654 220 1703 240 su-

1647 156 1700 188 366

916 267 966 296 pra
983 260 1142 288 nominatus
1159 260 1302 288 Amecetes
1318 259 1381 292 fuit,
1398 259 1468 286 alter
1483 259 1581 287 Petrus
1597 259 1702 294 Alipbae

916 307 1003 339 illius,
1020 310 1050 334 ut
1066 307 1125 341 ipse
1151 306 1307 339 aﬂirmavit,
1333 306 1440 337 tertius,
1466 305 1537 334 alius
1563 306 1701 341 quispiam

918 353 993 381 nulla
1008 361 1037 381 re
1050 353 1164 381 inferior
1181 353 1299 386 duobus,
1318 353 1382 380 totis
1400 351 1517 380 habenis
1531 360 1603 386 equo
1624 353 1702 388 quis-

918 407 971 435 que
984 407 1035 427 suo
1052 400 1163 432 laxatis,
1188 399 1276 434 longis
1293 399 1394 426 armati
1419 399 1505 427 hastis
1530 399 1556 425 in
1574 407 1636 426 eum
1660 400 1704 427 in-

918 449 1075 474 currerunt.
1098 445 1131 473 Et
1161 446 1303 473 Ameeetes
1329 445 1439 480 quidem
1468 451 1541 473 rccla
1570 447 1651 473 ictum
1676 447 1703 472 in

919 492 1111 526 imperatorem
1132 499 1187 519 non
1213 491 1336 526 pertulit,
1355 499 1428 527 equo
1452 491 1594 526 paulisper
1619 491 1704 519 decli-

919 541 1020 569 nante,
1047 537 1160 564 alterius
1187 537 1293 564 hastam
1320 537 1409 572 primo
1435 537 1585 572 imperator
1612 537 1705 572 gladio

919 583 1032 618 repulit,
1051 588 1106 610 tum
1121 583 1234 610 intentis
1248 591 1345 610 manus
1359 583 1452 610 nervis
1469 583 1657 610 vehementem
1676 583 1704 610 in

919 629 1026 657 hostem
1042 629 1206 664 intorquens
1219 629 1316 662 ictum,
1332 637 1385 664 quo
1401 630 1488 664 ipsam
1504 630 1578 663 carpi
1592 630 1707 665 junctu-

920 683 977 703 ram
994 676 1083 711 petiit,
1101 683 1212 702 manum
1235 675 1308 702 illius
1329 683 1343 702 τι
1368 675 1474 709 reliquo
1500 676 1619 704 abscidit
1645 683 1707 704 cor-

920 730 996 757 pore.
1013 723 1047 748 At
1062 723 1160 749 tertius
1174 722 1366 756 imperatorem
1384 721 1411 748 in
1436 720 1528 749 fronte
1549 723 1704 756 percussit;

921 775 1015 794 verum
1031 767 1077 794 ille
1088 767 1140 794 sibi
1153 774 1260 794 summe
1275 774 1396 801 praesens
1411 765 1490 794 ﬁrmo
1512 772 1540 794 et
1558 766 1707 801 impertur-

921 813 984 841 bato
999 820 1107 848 semper
1120 813 1224 845 animo,
1238 813 1428 848 quantuslibet
1444 812 1516 840 circa
1531 812 1664 840 tumultus
1679 817 1708 840 ct

923 867 1014 887 rerum
1027 867 1139 887 sursum
1153 859 1280 887 deorsum
1290 858 1413 886 omnium
1425 859 1566 894 permistio
1578 859 1706 891 ferveret,

922 911 951 933 ut
965 906 1118 934 \eniontent
1137 906 1225 934 sensit
1240 905 1334 938 ictum,
1348 904 1448 939 abiecit
1472 913 1502 934 se
1531 910 1606 934 retro
1629 907 1707 941 supi-

921 959 986 979 ttum
1003 953 1030 979 in
1046 953 1108 986 equi
1129 951 1265 984 caudam;
1282 959 1337 986 quo
1360 951 1462 979 factum
1486 956 1530 980 cst
1545 957 1575 980 ut
1600 960 1706 980 summa

921 998 1055 1026 duntaxat
1068 1004 1131 1025 cute
1153 997 1254 1025 frontis
1280 998 1437 1032 perstricta,
1465 998 1615 1033 leviterque
1639 999 1709 1027 deli-

921 1045 983 1073 bata
998 1052 1094 1071 mucro
1108 1044 1229 1079 cuspidis
1241 1044 1267 1071 in
1279 1044 1476 1079 prominentem
1497 1045 1580 1079 galeae
1595 1045 1707 1072 limbqu

922 1090 1074 1121 offendens,
1093 1090 1181 1118 lorum
1195 1097 1250 1125 quo
1264 1090 1358 1118 eadem
1373 1090 1449 1126 galea
1471 1091 1525 1118 sub
1548 1095 1641 1119 mento
1652 1092 1708 1119 cir-

921 1144 986 1163 cum
1003 1136 1208 1170 astringebatur
1232 1136 1384 1171 abruperit,
1410 1144 1528 1172 eantque
1555 1137 1582 1164 in
1605 1141 1706 1165 terram

923 1182 1064 1216 dejeccril.
1082 1182 1159 1209 Tunc
1174 1182 1269 1211 Gallus
1285 1182 1444 1210 excussisse
1465 1190 1494 1210 se
1515 1184 1708 1218 imperatorem

922 1236 953 1256 ex
969 1235 1042 1263 equo
1053 1234 1140 1261 ratus,
1156 1228 1235 1263 quum
1252 1228 1285 1256 ad
1303 1228 1421 1263 praedam
1439 1230 1580 1262 proenrrit
1591 1237 1600 1263 ;
1613 1234 1641 1257 at
1662 1229 1709 1257 ille

923 1275 1016 1303 statim
1043 1282 1105 1302 sese
1130 1275 1239 1310 erigens
1275 1275 1443 1310 lirmansque
1468 1275 1562 1303 stabili
1590 1276 1655 1304 sede
1680 1277 1708 1304 in

924 1321 1073 1356 ephippiis,
1099 1321 1171 1348 idem
1193 1321 1240 1355 qui
1263 1325 1328 1348 ante
1343 1321 1480 1356 apparuit,
1496 1328 1571 1348 arma
1590 1322 1711 1350 retinens

923 1367 1021 1394 eadem
1033 1374 1094 1402 qute
1110 1366 1198 1401 prius,
1216 1373 1385 1402 manumque
1400 1365 1475 1394 nudo
1499 1366 1591 1401 gladio
1613 1367 1710 1394 formi-

922 1412 1042 1440 dabilem
1071 1413 1193 1446 vibrans,
1222 1417 1386 1441 cruentatus
1408 1413 1454 1440 ille
1471 1413 1582 1448 quidem
1607 1414 1710 1441 recenti

923 1458 1046 1491 vulnere,
1059 1459 1189 1494 nudoque
1197 1459 1296 1494 capite,
1311 1458 1437 1494 namque
1447 1458 1503 1494 jam
1517 1459 1570 1487 soli
1586 1459 1711 1494 exposita

923 1511 1002 1532 coma
1031 1508 1133 1533 temere
1162 1509 1290 1541 vagante,
1317 1505 1516 1540 umbranteque
1541 1505 1638 1533 oculos
1655 1513 1710 1533 non

888 1570 909 1599 ο
926 1551 986 1578 sine
1003 1552 1145 1579 tttolcstia:
1165 1559 1227 1579 nam
1241 1559 1330 1587 equus
1345 1551 1473 1579 eﬂeratus
1492 1552 1665 1587 tremensque
1679 1558 1712 1579 ac

927 1596 1034 1624 frenum
1064 1604 1196 1632 respuens
1226 1597 1379 1625 vehementi
1407 1604 1543 1625 concussu
1566 1598 1711 1625 caesariem

929 1647 1004 1670 retro
1023 1643 1185 1678 pendentem
1202 1643 1228 1670 in
1253 1643 1372 1671 frontem
1393 1647 1531 1671 averterat
1549 1652 1556 1670 :
1581 1647 1710 1671 caeterum

928 1692 1078 1722 utcumque
1093 1694 1151 1716 ctat
1161 1688 1268 1723 collegit
1280 1694 1362 1724 prout
1377 1690 1467 1724 potuit
1479 1690 1611 1723 seipsum,
1626 1689 1713 1717 hosti-

925 1733 1031 1769 busque
1045 1734 1157 1762 obvium
1171 1734 1289 1762 infracta
1305 1736 1488 1770 generositate
1510 1741 1539 1763 ut
1559 1735 1636 1770 prius
1659 1736 1712 1763 oh-

83 1780 157 1807 tulit.
178 1778 229 1808 Ubi
245 1787 308 1808 vero
324 1780 429 1808 Tui-cos
445 1780 580 1815 fugientes
596 1780 674 1813 vidit,
689 1785 715 1808 et
734 1780 868 1808 Bullinum
889 1789 979 1817 pugna
1009 1790 1062 1809 non
1089 1786 1192 1810 tentata
1208 1782 1382 1810 recedentem
1399 1781 1487 1817 (stetit
1514 1783 1587 1809 enim
1609 1782 1654 1810 hic
1683 1782 1712 1810 in

83 1827 170 1855 armis
186 1834 220 1854 co
242 1827 286 1855 die
320 1828 511 1863 instructoquc
540 1833 671 1862 tanquam
701 1829 734 1855 ad
762 1829 885 1863 przelium
904 1829 1013 1864 agmine
1053 1829 1134 1864 118
1151 1836 1276 1862 suorum,
1301 1832 1420 1864 speciem
1449 1830 1606 1858 ostentabat
1631 1832 1711 1865 quasi

83 1872 151 1900 totis
179 1873 285 1900 viribus
298 1881 348 1908 pro
372 1873 548 1908 imperatoris
573 1881 656 1901 causa
686 1873 870 1903 dimicaturus
890 1879 973 1906 esset.
990 1876 1069 1911 juxta
1087 1879 1166 1910 pacta
1183 1880 1318 1903 conventa
1332 1883 1393 1910 quae
1414 1876 1486 1904 inter
1520 1876 1594 1911 ipsos
1625 1877 1712 1904 inter-

84 1924 239 1947 cesserant.
255 1919 359 1946 Revera
373 1924 464 1946 tamen
493 1919 545 1947 sibi
563 1927 678 1955 parcere
700 1920 871 1954 decreverat,
892 1926 1073 1955 spectareque
1088 1927 1220 1955 quorsum
1236 1926 1361 1955 vergeret
1375 1920 1498 1948 victoriae
1527 1920 1648 1952 fortuna,
1683 1918 1715 1947 ιιι

85 1965 107 1992 si
122 1973 185 1992 eam
200 1965 309 2000 quidem
325 1965 398 1993 haud
414 1965 498 1992 dubie
536 1964 628 1993 favere
662 1966 835 2001 imperatoris
867 1967 991 2000 partibus
1017 1970 1154 2000 cerneret,
1181 1971 1247 1995 tunc
1274 1967 1332 2001 ipse
1366 1966 1394 1994 in
1422 1966 1510 1994 victos
1531 1966 1617 2000 facili,
1641 1965 1714 2001 apud

84 2012 205 2040 victores
228 2011 347 2047 gratiosa
370 2011 551 2046 impressione
576 2011 667 2039 Gallos
691 2012 845 2047 impeteret,
867 2013 909 2039 sin
941 2017 1036 2040 contra
1049 2014 1181 2044 eveniret.
1194 2013 1342 2041 abstineret
1371 2020 1472 2047 pugna,
1504 2013 1714 2048 incolumesque

86 2059 218 2085 intutum
234 2058 327 2093 copias
347 2057 501 2084 reduceret.
516 2056 592 2084 Talia
611 2057 748 2092 cogitasse
763 2065 777 2083 a
790 2058 927 2092 principia
945 2058 1021 2085 illum
1036 2066 1069 2086 ex
1088 2059 1121 2086 iis
1154 2067 1216 2094 qua:
1247 2058 1311 2086 fecit
1344 2059 1512 2086 intellectum
1534 2063 1586 2087 est.
1627 2059 1713 2086 Simul

86 2106 159 2133 enim
177 2105 246 2132 satis
266 2105 405 2139 perspexit
422 2109 495 2131 stare
512 2104 653 2131 victoriam
665 2103 785 2135 aGallis,
799 2104 870 2131 bello
890 2111 1005 2138 prorsus
1022 2105 1161 2140 lngustato
1179 2105 1289 2132 domum
1311 2109 1423 2132 strenue
1452 2113 1482 2132 se
1518 2106 1620 2138 retulit)
1640 2115 1647 2134 :
1667 2114 1714 2137 ea,

87 2154 211 2188 inquam,
241 2152 284 2179 ubi
309 2151 380 2179 vidit
407 2151 572 2186 imperator,
599 2158 686 2186 seque
711 2151 869 2179 destitutum
910 2152 992 2186 plane
1007 2153 1041 2179 ab
1071 2152 1212 2184 omnibus,
1228 2157 1333 2187 tergum
1346 2157 1373 2179 et
1387 2152 1446 2187 ipse
1461 2152 1570 2180 tandem
1587 2154 1714 2183 hostibus

87 2200 173 2227 dedit.
189 2198 360 2234 Sicquejam
378 2197 452 2225 omni
469 2205 502 2225 ex
527 2202 604 2232 parte
619 2197 710 2225 Latini
745 2197 826 2232 plane
851 2197 941 2225 fusum
977 2199 1156 2234 fugatumque
1191 2198 1342 2225 Romanum
1371 2199 1522 2225 exercitum
1565 2207 1714 2234 perseque-

88 2247 200 2274 bantur.

125 2291 156 2318 '0
180 2291 209 2316 δὲ
241 2289 411 2324 Ῥομπέρτος
434 2288 597 2316 καταλαϐὼν
621 2289 651 2316 τὸ
693 2289 804 2325 τέμενος
833 2297 862 2314 το

974 2286 998 2312 it
1015 2284 1152 2312 Robertus
1166 2287 1310 2318 postquam
1335 2283 1392 2318 ipse
1414 2283 1506 2311 Sancti
1523 2283 1628 2312 Nicolai
1644 2290 1713 2314 tem-

91 2337 185 2373 ’Δγιου
208 2336 354 2368 Νικολάου,
370 2336 438 2362 ὅπου
463 2335 538 2369 καὶή
563 2335 689 2370 βασιλικὴ
708 2334 806 2370 σκηνὴ,

979 2340 1002 2358 ιιι
1020 2329 1176 2364 ocrupavit,
1194 2329 1239 2356 ubi
1256 2329 1399 2364 augustale
1411 2329 1585 2364 imperatoris
1595 2338 1713 2367 vasaqne

87 2383 181 2410 ἅπασα
196 2382 214 2416 ἡ
228 2381 313 2416 σκευὴ
328 2381 377 2406 τοῦ
396 2379 554 2414 Ῥωμαῖκοῦ
581 2379 796 2416 στρατεύματος,
811 2379 826 2405 ό

982 2377 1161 2412 snpellectilia
1187 2376 1281 2404 omnia
1306 2376 1392 2404 totius
1422 2377 1560 2404 exercitus
1596 2377 1711 2405 Romani

88 2437 149 2460 σους
162 2427 300 2458 εὑςοενετς
316 2424 372 2461 εἶχε
385 2426 430 2452 τὸν
445 2425 558 2461 βασιλέα
569 2426 677 2452 διώκειν
688 2425 827 2460 ὲκπέπομιγ

979 2429 1017 2454 ιιι,
1034 2429 1103 2456 quos
1117 2420 1318 2448 valentissimos
1337 2420 1364 2447 in
1385 2419 1442 2448 suis
1460 2421 1600 2448 universis
1618 2422 1713 2449 habuit

87 2474 169 2501 αὑτοῦ
186 2481 239 2500 που
258 2472 337 2503 αὐτὸς
353 2472 528 2507 ὲγκαρτερῶν
547 2471 750 2506 φανταζόμενος
764 2470 812 2506 τὴν

975 2469 1016 2496 iiis
1033 2468 1064 2495 ad
1081 2469 1269 2502 imperatorem
1285 2466 1482 2501 insequendum
1495 2467 1714 2503 capiendumque

88 2520 287 2555 αὐτοκράτορος
314 2517 487 2552 κατάσχεσιν.
518 2517 640 2544 Τοιοῦτοι
670 2517 724 2552 γὰρ
749 2517 827 2550 λογισ

973 2516 1016 2547 δὴ,
1060 2514 1117 2549 ipse
1147 2513 1256 2540 interim
1281 2511 1382 2539 ibidem
1411 2513 1556 2548 opperiens
1589 2516 1712 2548 optatum

88 2567 182 2593 τούτου
197 2565 229 2592 τὸ
241 2565 394 2600 ὑπέρογκον
417 2563 543 2596 ἐξέκαιον
565 2564 704 2599 φρόνημα.
729 2563 759 2590 0i
784 2563 812 2590 δὲ

974 2561 1073 2592 ntiuin,
1090 2563 1287 2594 speratumque
1315 2562 1492 2593 conspectum
1510 2557 1626 2593 Augusti
1648 2566 1713 2593 cap-

604 2639 867 2671 Variazlcctiones
883 2648 920 2670 ex
933 2639 1004 2670 cod.
1022 2639 1157 2671 Coislin.

123 2695 182 2713 ’δι”
193 2694 361 2732 δ.οχλοῦσαν.
399 2694 422 2710 ¹⁶
432 2693 524 2721 τόπον.
562 2693 585 2709 ⁸⁷
601 2693 713 2726 ταυτην.
756 2691 778 2707 ’⁸
793 2691 862 2718 Dees

303 2703 361 2722 σαν.
399 2694 422 2710 ¹⁶
432 2693 524 2721 τόπον.
562 2693 585 2709 ⁸⁷
601 2693 713 2726 ταυτην.
756 2691 778 2707 ’⁸
793 2691 875 2718 Deest
890 2690 983 2718 vocula
995 2690 1042 2720 ὡς.

625 2750 697 2782 Car.
714 2748 880 2780 Dufresnii
892 2750 943 2780 Du
958 2747 1067 2787 Cangii
1087 2751 1180 2779 notae.

127 2830 191 2866 (06')
211 2829 371 2864 Τούρκους.
384 2827 489 2857 Turcos
504 2827 556 2854 hoc
572 2827 598 2854 in
624 2824 696 2852 bello
720 2823 818 2850 Alexio
836 2822 970 2850 militasse
984 2826 1080 2849 auctor
1092 2825 1134 2848 est
1153 2825 1285 2856 przetcrea
1303 2822 1388 2852 Cuill.
1403 2823 1571 2860 Apuliensis.

501 2874 571 2902 Pars
585 2881 686 2910 quoque
703 2872 850 2900 Tur-carum
863 2879 921 2899 cum
939 2869 1042 2898 Curris
1053 2870 1140 2898 interit
1154 2870 1254 2905 ingens.
