  <div class='ocr_page' id='page_1' title='image "/cluster/home/n/w/nwhite01/storage/ocr_20150623/131/njp.32101077773073/206.png"; bbox 0 0 1871 3048; ppageno 0'>
   <div class='ocr_carea' id='block_1_1' title="bbox 71 125 129 157">
    <p class='ocr_par' dir='ltr' id='par_1_1' title="bbox 71 125 129 157">
     <span class='ocr_line' id='line_1_1' title="bbox 71 125 129 157; baseline -0.017 0"><span class='ocrx_word' id='word_1_1' title='bbox 71 125 129 157; x_wconf 76' lang='lat'><strong>369</strong></span> 
     </span>
    </p>
   </div>
   <div class='ocr_carea' id='block_1_2' title="bbox 709 126 1081 158">
    <p class='ocr_par' dir='ltr' id='par_1_2' title="bbox 709 126 1081 158">
     <span class='ocr_line' id='line_1_2' title="bbox 709 126 1081 158; baseline -0.003 0"><span class='ocrx_word' id='word_1_2' title='bbox 709 126 917 158; x_wconf 78' lang='lat' dir='ltr'><strong>ALEXIADIS</strong></span> <span class='ocrx_word' id='word_1_3' title='bbox 942 126 977 156; x_wconf 78' lang='lat' dir='ltr'><strong>Ll</strong></span> <span class='ocrx_word' id='word_1_4' title='bbox 984 127 1015 157; x_wconf 78' lang='grc' dir='ltr'><strong>Β.</strong></span> <span class='ocrx_word' id='word_1_5' title='bbox 1031 126 1081 157; x_wconf 76' lang='lat' dir='ltr'><strong>IV.</strong></span> 
     </span>
    </p>
   </div>
   <div class='ocr_carea' id='block_1_3' title="bbox 1651 132 1704 163">
    <p class='ocr_par' dir='ltr' id='par_1_3' title="bbox 1651 132 1704 163">
     <span class='ocr_line' id='line_1_3' title="bbox 1651 132 1704 163; baseline 0 -1"><span class='ocrx_word' id='word_1_6' title='bbox 1651 132 1704 163; x_wconf 69' lang='lat'><strong>376</strong></span> 
     </span>
    </p>
   </div>
   <div class='ocr_carea' id='block_1_4' title="bbox 73 181 812 218">
    <p class='ocr_par' dir='ltr' id='par_1_4' title="bbox 73 181 812 218">
     <span class='ocr_line' id='line_1_4' title="bbox 73 181 812 218; baseline 0 -8"><span class='ocrx_word' id='word_1_7' title='bbox 73 183 123 210; x_wconf 76' lang='grc' dir='ltr'>καὶ</span> <span class='ocrx_word' id='word_1_8' title='bbox 136 182 192 210; x_wconf 86' lang='grc' dir='ltr'><strong>τῶν</strong></span> <span class='ocrx_word' id='word_1_9' title='bbox 206 181 306 218; x_wconf 81' lang='grc' dir='ltr'>χειρῶν</span> <span class='ocrx_word' id='word_1_10' title='bbox 321 183 425 210; x_wconf 84' lang='grc' dir='ltr'>τούτων</span> <span class='ocrx_word' id='word_1_11' title='bbox 449 183 589 216; x_wconf 75' lang='grc' dir='ltr'><strong>ἐξέπεσον,</strong></span> <span class='ocrx_word' id='word_1_12' title='bbox 606 183 641 210; x_wconf 81' lang='grc' dir='ltr'><strong>τὰ</strong></span> <span class='ocrx_word' id='word_1_13' title='bbox 663 183 692 210; x_wconf 70' lang='grc' dir='ltr'><strong>δὲ</strong></span> <span class='ocrx_word' id='word_1_14' title='bbox 711 184 812 211; x_wconf 82' lang='grc' dir='ltr'>διαπεπ</span> 
     </span>
    </p>
   </div>
   <div class='ocr_carea' id='block_1_5' title="bbox 964 181 1703 218">
    <p class='ocr_par' dir='ltr' id='par_1_5' title="bbox 964 181 1703 218">
     <span class='ocr_line' id='line_1_5' title="bbox 964 181 1703 218; baseline 0.005 -9"><span class='ocrx_word' id='word_1_15' title='bbox 964 183 1026 217; x_wconf 89' lang='lat' dir='ltr'><strong>ique</strong></span> <span class='ocrx_word' id='word_1_16' title='bbox 1057 181 1166 218; x_wconf 88' lang='lat' dir='ltr'><strong>plenum</strong></span> <span class='ocrx_word' id='word_1_17' title='bbox 1196 182 1383 218; x_wconf 72' lang='lat' dir='ltr'><strong>spectaculum</strong></span> <span class='ocrx_word' id='word_1_18' title='bbox 1412 184 1518 212; x_wconf 77' lang='lat' dir='ltr'><strong>exstitit</strong></span> <span class='ocrx_word' id='word_1_19' title='bbox 1544 185 1650 213; x_wconf 83' lang='lat' dir='ltr'><strong>loricati</strong></span> <span class='ocrx_word' id='word_1_20' title='bbox 1677 187 1703 213; x_wconf 91' lang='lat' dir='ltr'><strong>in</strong></span> 
     </span>
    </p>
   </div>
   <div class='ocr_carea' id='block_1_6' title="bbox 73 228 865 264">
    <p class='ocr_par' dir='ltr' id='par_1_6' title="bbox 73 228 865 264">
     <span class='ocr_line' id='line_1_6' title="bbox 73 228 865 264; baseline -0.001 -8"><span class='ocrx_word' id='word_1_21' title='bbox 73 228 146 264; x_wconf 76' lang='grc' dir='ltr'>μένα</span> <span class='ocrx_word' id='word_1_22' title='bbox 160 229 218 260; x_wconf 85' lang='grc' dir='ltr'>τοῖς</span> <span class='ocrx_word' id='word_1_23' title='bbox 236 229 332 264; x_wconf 78' lang='grc' dir='ltr'><strong>μέρεσι</strong></span> <span class='ocrx_word' id='word_1_24' title='bbox 347 228 393 256; x_wconf 84' lang='grc' dir='ltr'>τοῦ</span> <span class='ocrx_word' id='word_1_25' title='bbox 409 229 563 264; x_wconf 75' lang='grc' dir='ltr'>ὲσθήματος</span> <span class='ocrx_word' id='word_1_26' title='bbox 586 229 632 256; x_wconf 80' lang='grc' dir='ltr'><strong>τοῦ</strong></span> <span class='ocrx_word' id='word_1_27' title='bbox 650 229 782 264; x_wconf 79' lang='grc' dir='ltr'>βασιλέως</span> <span class='ocrx_word' id='word_1_28' title='bbox 802 229 865 255; x_wconf 74' lang='grc' dir='ltr'>ἔνει-</span> 
     </span>
    </p>
   </div>
   <div class='ocr_carea' id='block_1_7' title="bbox 71 273 868 310">
    <p class='ocr_par' dir='ltr' id='par_1_7' title="bbox 71 273 868 310">
     <span class='ocr_line' id='line_1_7' title="bbox 71 273 868 310; baseline -0.001 -10"><span class='ocrx_word' id='word_1_29' title='bbox 71 273 255 309; x_wconf 75' lang='grc' dir='ltr'>πομείναντα,</span> <span class='ocrx_word' id='word_1_30' title='bbox 284 274 502 309; x_wconf 70' lang='grc' dir='ltr'><strong>μετεωρισθέντα</strong></span> <span class='ocrx_word' id='word_1_31' title='bbox 517 274 556 309; x_wconf 83' lang='grc' dir='ltr'>τῷ</span> <span class='ocrx_word' id='word_1_32' title='bbox 581 275 657 310; x_wconf 81' lang='grc' dir='ltr'>ἵππῳ</span> <span class='ocrx_word' id='word_1_33' title='bbox 671 273 868 310; x_wconf 81' lang='grc' dir='ltr'>συνηκολούθη-</span> 
     </span>
    </p>
   </div>
   <div class='ocr_carea' id='block_1_8' title="bbox 75 320 864 356">
    <p class='ocr_par' dir='ltr' id='par_1_8' title="bbox 75 320 864 356">
     <span class='ocr_line' id='line_1_8' title="bbox 75 320 864 356; baseline -0.003 -9"><span class='ocrx_word' id='word_1_34' title='bbox 75 329 139 349; x_wconf 87' lang='grc' dir='ltr'>σαν.</span> <span class='ocrx_word' id='word_1_35' title='bbox 171 321 203 347; x_wconf 88' lang='lat'><strong>&#39;0</strong></span> <span class='ocrx_word' id='word_1_36' title='bbox 224 321 254 347; x_wconf 66' lang='grc' dir='ltr'><strong>δὲ</strong></span> <span class='ocrx_word' id='word_1_37' title='bbox 279 320 361 352; x_wconf 74' lang='grc' dir='ltr'>εὐθὺς</span> <span class='ocrx_word' id='word_1_38' title='bbox 372 321 567 348; x_wconf 73' lang='grc' dir='ltr'>ἀποκόπτειτὰ</span> <span class='ocrx_word' id='word_1_39' title='bbox 584 321 744 356; x_wconf 80' lang='grc' dir='ltr'>ὲπαγόμενα</span> <span class='ocrx_word' id='word_1_40' title='bbox 755 320 864 356; x_wconf 82' lang='grc' dir='ltr'>δόρατα,</span> 
     </span>
    </p>
   </div>
   <div class='ocr_carea' id='block_1_9' title="bbox 72 366 866 402">
    <p class='ocr_par' dir='ltr' id='par_1_9' title="bbox 72 366 866 402">
     <span class='ocr_line' id='line_1_9' title="bbox 72 366 866 402; baseline 0 -10"><span class='ocrx_word' id='word_1_41' title='bbox 72 367 124 393; x_wconf 79' lang='grc' dir='ltr'>καὶ</span> <span class='ocrx_word' id='word_1_42' title='bbox 139 366 202 393; x_wconf 75' lang='grc' dir='ltr'>οὔτι</span> <span class='ocrx_word' id='word_1_43' title='bbox 231 367 414 402; x_wconf 74' lang='grc' dir='ltr'>τεθορύϐηται</span> <span class='ocrx_word' id='word_1_44' title='bbox 436 367 485 402; x_wconf 78' lang='grc' dir='ltr'><strong>τὴν</strong></span> <span class='ocrx_word' id='word_1_45' title='bbox 501 366 591 402; x_wconf 74' lang='grc' dir='ltr'>ψυχὴν</span> <span class='ocrx_word' id='word_1_46' title='bbox 611 367 641 394; x_wconf 79' lang='grc' dir='ltr'>ἐν</span> <span class='ocrx_word' id='word_1_47' title='bbox 653 367 795 398; x_wconf 78' lang='grc' dir='ltr'><strong>τοσούτοις</strong></span> <span class='ocrx_word' id='word_1_48' title='bbox 809 366 866 392; x_wconf 69' lang='lat' dir='ltr'><strong>62t-</strong></span> 
     </span>
    </p>
   </div>
   <div class='ocr_carea' id='block_1_10' title="bbox 72 411 865 448">
    <p class='ocr_par' dir='ltr' id='par_1_10' title="bbox 72 411 865 448">
     <span class='ocr_line' id='line_1_10' title="bbox 72 411 865 448; baseline 0 -9"><span class='ocrx_word' id='word_1_49' title='bbox 72 414 130 444; x_wconf 79' lang='grc' dir='ltr'>νοῖς</span> <span class='ocrx_word' id='word_1_50' title='bbox 150 413 301 444; x_wconf 75' lang='grc' dir='ltr'>καταστὰς,</span> <span class='ocrx_word' id='word_1_51' title='bbox 324 412 386 439; x_wconf 75' lang='grc' dir='ltr'>οὔτε</span> <span class='ocrx_word' id='word_1_52' title='bbox 414 412 585 448; x_wconf 75' lang='grc' dir='ltr'>συνεϐολὼοη</span> <span class='ocrx_word' id='word_1_53' title='bbox 617 413 680 444; x_wconf 58' lang='grc' dir='ltr'>τοὺς</span> <span class='ocrx_word' id='word_1_54' title='bbox 706 411 865 447; x_wconf 77' lang='grc' dir='ltr'>λογισμοὺς,</span> 
     </span>
    </p>
   </div>
   <div class='ocr_carea' id='block_1_11' title="bbox 73 457 866 494">
    <p class='ocr_par' dir='ltr' id='par_1_11' title="bbox 73 457 866 494">
     <span class='ocr_line' id='line_1_11' title="bbox 73 457 866 494; baseline -0.003 -8"><span class='ocrx_word' id='word_1_55' title='bbox 73 459 146 486; x_wconf 82' lang='grc' dir='ltr'>ἀλλὰ</span> <span class='ocrx_word' id='word_1_56' title='bbox 154 459 223 494; x_wconf 77' lang='grc' dir='ltr'>ταχὺ</span> <span class='ocrx_word' id='word_1_57' title='bbox 242 458 289 485; x_wconf 76' lang='grc' dir='ltr'>τοῦ</span> <span class='ocrx_word' id='word_1_58' title='bbox 306 458 476 491; x_wconf 80' lang='grc' dir='ltr'>συνοῖσοντος</span> <span class='ocrx_word' id='word_1_59' title='bbox 492 458 609 493; x_wconf 86' lang='grc' dir='ltr'>γίνεται,</span> <span class='ocrx_word' id='word_1_60' title='bbox 637 459 685 486; x_wconf 71' lang='grc' dir='ltr'>καὶ</span> <span class='ocrx_word' id='word_1_61' title='bbox 704 457 734 485; x_wconf 85' lang='grc' dir='ltr'>τδ</span> <span class='ocrx_word' id='word_1_62' title='bbox 746 458 866 494; x_wconf 76' lang='grc' dir='ltr'>παράδοο</span> 
     </span>
    </p>
   </div>
   <div class='ocr_carea' id='block_1_12' title="bbox 74 505 865 540">
    <p class='ocr_par' dir='ltr' id='par_1_12' title="bbox 74 505 865 540">
     <span class='ocr_line' id='line_1_12' title="bbox 74 505 865 540; baseline -0.003 -7"><span class='ocrx_word' id='word_1_63' title='bbox 74 507 120 539; x_wconf 83' lang='grc' dir='ltr'>ξον</span> <span class='ocrx_word' id='word_1_64' title='bbox 134 507 166 532; x_wconf 83' lang='grc' dir='ltr'>ὲκ</span> <span class='ocrx_word' id='word_1_65' title='bbox 181 507 263 540; x_wconf 62' lang='grc' dir='ltr'>μέσου</span> <span class='ocrx_word' id='word_1_66' title='bbox 279 507 377 533; x_wconf 62' lang='grc' dir='ltr'>ἑαυτὸν</span> <span class='ocrx_word' id='word_1_67' title='bbox 393 508 522 534; x_wconf 77' lang='grc' dir='ltr'>ποιεῖται.</span> <span class='ocrx_word' id='word_1_68' title='bbox 540 507 572 533; x_wconf 81' lang='grc' dir='ltr'><strong>Οἱ</strong></span> <span class='ocrx_word' id='word_1_69' title='bbox 587 507 614 532; x_wconf 84' lang='grc' dir='ltr'><strong>δέ</strong></span> <span class='ocrx_word' id='word_1_70' title='bbox 628 514 658 539; x_wconf 81' lang='grc' dir='ltr'>γε</span> <span class='ocrx_word' id='word_1_71' title='bbox 670 505 768 531; x_wconf 76' lang='grc' dir='ltr'>Κελτοὶ</span> <span class='ocrx_word' id='word_1_72' title='bbox 781 513 865 540; x_wconf 84' lang='grc' dir='ltr'><strong>κεχη-</strong></span> 
     </span>
    </p>
   </div>
   <div class='ocr_carea' id='block_1_13' title="bbox 71 551 867 586">
    <p class='ocr_par' dir='ltr' id='par_1_13' title="bbox 71 551 867 586">
     <span class='ocr_line' id='line_1_13' title="bbox 71 551 867 586; baseline -0.001 -8"><span class='ocrx_word' id='word_1_73' title='bbox 71 554 149 578; x_wconf 66' lang='grc' dir='ltr'>νότες</span> <span class='ocrx_word' id='word_1_74' title='bbox 165 553 347 586; x_wconf 75' lang='grc' dir='ltr'><strong>εἱστήκεσαν,</strong></span> <span class='ocrx_word' id='word_1_75' title='bbox 372 552 403 578; x_wconf 75' lang='grc' dir='ltr'>τὸ</span> <span class='ocrx_word' id='word_1_76' title='bbox 428 552 538 586; x_wconf 75' lang='grc' dir='ltr'>γεγονὸς</span> <span class='ocrx_word' id='word_1_77' title='bbox 563 552 798 586; x_wconf 51' lang='grc' dir='ltr'>ἐκπληττόμενον</span> <span class='ocrx_word' id='word_1_78' title='bbox 819 551 867 577; x_wconf 76' lang='lat' dir='ltr'><strong>xal.</strong></span> 
     </span>
    </p>
   </div>
   <div class='ocr_carea' id='block_1_14' title="bbox 71 596 865 634">
    <p class='ocr_par' dir='ltr' id='par_1_14' title="bbox 71 596 865 634">
     <span class='ocr_line' id='line_1_14' title="bbox 71 596 865 634; baseline -0.001 -10"><span class='ocrx_word' id='word_1_79' title='bbox 71 599 128 634; x_wconf 70' lang='grc' dir='ltr'>γὰρ</span> <span class='ocrx_word' id='word_1_80' title='bbox 148 596 184 634; x_wconf 80' lang='grc' dir='ltr'>ἦν</span> <span class='ocrx_word' id='word_1_81' title='bbox 207 598 368 633; x_wconf 77' lang='grc' dir='ltr'>ἐκπλήξεως</span> <span class='ocrx_word' id='word_1_82' title='bbox 379 598 466 632; x_wconf 78' lang='grc' dir='ltr'>ἄξιον·</span> <span class='ocrx_word' id='word_1_83' title='bbox 487 598 650 632; x_wconf 74' lang='grc' dir='ltr'>θεασάμενοι</span> <span class='ocrx_word' id='word_1_84' title='bbox 668 597 697 624; x_wconf 74' lang='grc' dir='ltr'><strong>δὲ</strong></span> <span class='ocrx_word' id='word_1_85' title='bbox 711 597 807 624; x_wconf 80' lang='grc' dir='ltr'>τοῦτον</span> <span class='ocrx_word' id='word_1_86' title='bbox 824 597 865 630; x_wconf 78' lang='grc' dir='ltr'><strong>ἐφ’</strong></span> 
     </span>
    </p>
   </div>
   <div class='ocr_carea' id='block_1_15' title="bbox 71 643 865 680">
    <p class='ocr_par' dir='ltr' id='par_1_15' title="bbox 71 643 865 680">
     <span class='ocr_line' id='line_1_15' title="bbox 71 643 865 680; baseline 0 -10"><span class='ocrx_word' id='word_1_87' title='bbox 71 645 173 680; x_wconf 79' lang='grc' dir='ltr'><strong>ἑτέραν</strong></span> <span class='ocrx_word' id='word_1_88' title='bbox 186 645 338 680; x_wconf 77' lang='grc' dir='ltr'><strong>τραπέντα,</strong></span> <span class='ocrx_word' id='word_1_89' title='bbox 355 645 400 671; x_wconf 67' lang='grc' dir='ltr'>καὶ</span> <span class='ocrx_word' id='word_1_90' title='bbox 411 644 490 675; x_wconf 81' lang='grc' dir='ltr'>αὖθις</span> <span class='ocrx_word' id='word_1_91' title='bbox 506 644 632 671; x_wconf 84' lang='grc' dir='ltr'>ὲδὶωκον.</span> <span class='ocrx_word' id='word_1_92' title='bbox 646 644 675 670; x_wconf 84' lang='grc'><strong>’0</strong></span> <span class='ocrx_word' id='word_1_93' title='bbox 692 643 731 676; x_wconf 79' lang='grc' dir='ltr'><strong>δὲ,</strong></span> <span class='ocrx_word' id='word_1_94' title='bbox 743 644 788 669; x_wconf 74' lang='grc' dir='ltr'>ἐπὶ</span> <span class='ocrx_word' id='word_1_95' title='bbox 798 643 865 670; x_wconf 74' lang='grc' dir='ltr'>πολὺ</span> 
     </span>
    </p>
   </div>
   <div class='ocr_carea' id='block_1_16' title="bbox 70 689 865 725">
    <p class='ocr_par' dir='ltr' id='par_1_16' title="bbox 70 689 865 725">
     <span class='ocr_line' id='line_1_16' title="bbox 70 689 865 725; baseline -0.001 -8"><span class='ocrx_word' id='word_1_96' title='bbox 70 690 146 717; x_wconf 77' lang='grc' dir='ltr'>νῶτα</span> <span class='ocrx_word' id='word_1_97' title='bbox 155 691 210 722; x_wconf 72' lang='grc' dir='ltr'>τοῖς</span> <span class='ocrx_word' id='word_1_98' title='bbox 227 690 423 725; x_wconf 82' lang='grc' dir='ltr'>μεταδιώκουσι</span> <span class='ocrx_word' id='word_1_99' title='bbox 440 689 621 725; x_wconf 77' lang='grc' dir='ltr'><strong>στρατιώταις</strong></span> <span class='ocrx_word' id='word_1_100' title='bbox 635 689 732 723; x_wconf 72' lang='grc' dir='ltr'>διδοὺς,</span> <span class='ocrx_word' id='word_1_101' title='bbox 746 690 865 724; x_wconf 53' lang='grc' dir='ltr'>στρέψας</span> 
     </span>
    </p>
   </div>
   <div class='ocr_carea' id='block_1_17' title="bbox 70 735 867 772">
    <p class='ocr_par' dir='ltr' id='par_1_17' title="bbox 70 735 867 772">
     <span class='ocr_line' id='line_1_17' title="bbox 70 735 867 772; baseline 0 -10"><span class='ocrx_word' id='word_1_102' title='bbox 70 736 117 762; x_wconf 78' lang='grc' dir='ltr'><strong>τὸν</strong></span> <span class='ocrx_word' id='word_1_103' title='bbox 127 736 174 772; x_wconf 82' lang='grc' dir='ltr'><strong>χα)</strong></span> <span class='ocrx_word' id='word_1_104' title='bbox 182 737 235 763; x_wconf 67' lang='grc' dir='ltr'>ινὶν</span> <span class='ocrx_word' id='word_1_105' title='bbox 243 738 288 763; x_wconf 69' lang='grc' dir='ltr'>καὶ</span> <span class='ocrx_word' id='word_1_106' title='bbox 301 737 468 772; x_wconf 79' lang='grc' dir='ltr'>συναντήσας</span> <span class='ocrx_word' id='word_1_107' title='bbox 479 736 518 763; x_wconf 70' lang='grc' dir='ltr'><strong>ἐνὶ</strong></span> <span class='ocrx_word' id='word_1_108' title='bbox 528 736 582 763; x_wconf 83' lang='grc' dir='ltr'>τῶν</span> <span class='ocrx_word' id='word_1_109' title='bbox 591 736 753 768; x_wconf 76' lang='grc' dir='ltr'>διωκόντων,</span> <span class='ocrx_word' id='word_1_110' title='bbox 763 735 867 762; x_wconf 70' lang='grc' dir='ltr'>διελαύ-</span> 
     </span>
    </p>
   </div>
   <div class='ocr_carea' id='block_1_18' title="bbox 71 781 866 818">
    <p class='ocr_par' dir='ltr' id='par_1_18' title="bbox 71 781 866 818">
     <span class='ocr_line' id='line_1_18' title="bbox 71 781 866 818; baseline -0.004 -8"><span class='ocrx_word' id='word_1_111' title='bbox 71 792 112 810; x_wconf 84' lang='grc' dir='ltr'><strong>νει</strong></span> <span class='ocrx_word' id='word_1_112' title='bbox 121 783 151 810; x_wconf 82' lang='grc' dir='ltr'>τὸ</span> <span class='ocrx_word' id='word_1_113' title='bbox 159 783 222 818; x_wconf 69' lang='grc' dir='ltr'>δόρυ</span> <span class='ocrx_word' id='word_1_114' title='bbox 230 784 285 814; x_wconf 77' lang='grc' dir='ltr'>τοῖς</span> <span class='ocrx_word' id='word_1_115' title='bbox 295 783 426 818; x_wconf 85' lang='grc' dir='ltr'>στέρνοις.</span> <span class='ocrx_word' id='word_1_116' title='bbox 435 782 464 808; x_wconf 89' lang='lat'><strong>&#39;0</strong></span> <span class='ocrx_word' id='word_1_117' title='bbox 473 782 500 809; x_wconf 77' lang='grc' dir='ltr'><strong>δὲ</strong></span> <span class='ocrx_word' id='word_1_118' title='bbox 508 782 658 816; x_wconf 80' lang='grc' dir='ltr'>τηνικαῦτα</span> <span class='ocrx_word' id='word_1_119' title='bbox 667 783 706 812; x_wconf 77' lang='grc' dir='ltr'>εἰς</span> <span class='ocrx_word' id='word_1_120' title='bbox 715 781 764 817; x_wconf 80' lang='grc' dir='ltr'><strong>γῆν</strong></span> <span class='ocrx_word' id='word_1_121' title='bbox 772 781 866 814; x_wconf 81' lang='grc' dir='ltr'>ὕπτιος</span> 
     </span>
    </p>
   </div>
   <div class='ocr_carea' id='block_1_19' title="bbox 70 827 865 864">
    <p class='ocr_par' dir='ltr' id='par_1_19' title="bbox 70 827 865 864">
     <span class='ocr_line' id='line_1_19' title="bbox 70 827 865 864; baseline -0.001 -9"><span class='ocrx_word' id='word_1_122' title='bbox 70 829 171 856; x_wconf 75' lang='grc' dir='ltr'>ἔκειτο.</span> <span class='ocrx_word' id='word_1_123' title='bbox 185 828 215 854; x_wconf 87' lang='lat'><strong>&#39;0</strong></span> <span class='ocrx_word' id='word_1_124' title='bbox 224 829 252 854; x_wconf 78' lang='grc' dir='ltr'><strong>δὲ</strong></span> <span class='ocrx_word' id='word_1_125' title='bbox 263 828 400 863; x_wconf 66' lang='grc' dir='ltr'>βασιλεὺς,</span> <span class='ocrx_word' id='word_1_126' title='bbox 408 827 483 860; x_wconf 80' lang='grc' dir='ltr'>αὖθις</span> <span class='ocrx_word' id='word_1_127' title='bbox 494 828 541 859; x_wconf 77' lang='grc' dir='ltr'><strong>τὰς</strong></span> <span class='ocrx_word' id='word_1_128' title='bbox 549 828 626 864; x_wconf 78' lang='grc' dir='ltr'>ἡνίας</span> <span class='ocrx_word' id='word_1_129' title='bbox 638 828 767 864; x_wconf 70' lang='grc' dir='ltr'>στρέψας,</span> <span class='ocrx_word' id='word_1_130' title='bbox 777 829 865 863; x_wconf 73' lang='grc' dir='ltr'><strong>εἴχετο</strong></span> 
     </span>
    </p>
   </div>
   <div class='ocr_carea' id='block_1_20' title="bbox 68 874 864 910">
    <p class='ocr_par' dir='ltr' id='par_1_20' title="bbox 68 874 864 910">
     <span class='ocr_line' id='line_1_20' title="bbox 68 874 864 910; baseline 0.001 -9"><span class='ocrx_word' id='word_1_131' title='bbox 68 875 119 910; x_wconf 84' lang='grc' dir='ltr'>τῆς</span> <span class='ocrx_word' id='word_1_132' title='bbox 131 875 267 910; x_wconf 74' lang='grc' dir='ltr'>προτέρας</span> <span class='ocrx_word' id='word_1_133' title='bbox 277 874 348 902; x_wconf 76' lang='grc' dir='ltr'><strong>ὀδοῦ.</strong></span> <span class='ocrx_word' id='word_1_134' title='bbox 359 875 481 909; x_wconf 75' lang='grc' dir='ltr'>Συναντᾷ</span> <span class='ocrx_word' id='word_1_135' title='bbox 489 875 578 901; x_wconf 81' lang='grc' dir='ltr'>τοίνυν</span> <span class='ocrx_word' id='word_1_136' title='bbox 589 875 642 901; x_wconf 76' lang='grc' dir='ltr'><strong>ἀπὸ</strong></span> <span class='ocrx_word' id='word_1_137' title='bbox 648 875 700 901; x_wconf 81' lang='grc' dir='ltr'>τῶν</span> <span class='ocrx_word' id='word_1_138' title='bbox 708 874 864 910; x_wconf 73' lang='grc' dir='ltr'>ἔμπροσθεν</span> 
     </span>
    </p>
   </div>
   <div class='ocr_carea' id='block_1_21' title="bbox 69 921 862 956">
    <p class='ocr_par' dir='ltr' id='par_1_21' title="bbox 69 921 862 956">
     <span class='ocr_line' id='line_1_21' title="bbox 69 921 862 956; baseline -0.001 -8"><span class='ocrx_word' id='word_1_139' title='bbox 69 921 224 948; x_wconf 74' lang='grc' dir='ltr'>διωκόντων</span> <span class='ocrx_word' id='word_1_140' title='bbox 239 921 287 952; x_wconf 79' lang='grc' dir='ltr'><strong>τὰς</strong></span> <span class='ocrx_word' id='word_1_141' title='bbox 310 922 468 956; x_wconf 69' lang='grc' dir='ltr'>Ῥωμαϊκὰς</span> <span class='ocrx_word' id='word_1_142' title='bbox 480 921 609 956; x_wconf 76' lang='grc' dir='ltr'>δυνάμεις</span> <span class='ocrx_word' id='word_1_143' title='bbox 620 921 732 952; x_wconf 75' lang='grc' dir='ltr'><strong>Κελτοῖς</strong></span> <span class='ocrx_word' id='word_1_144' title='bbox 748 921 798 947; x_wconf 82' lang='grc' dir='ltr'>οὐκ</span> <span class='ocrx_word' id='word_1_145' title='bbox 807 921 862 948; x_wconf 80' lang='grc' dir='ltr'>ὀλί-</span> 
     </span>
    </p>
   </div>
   <div class='ocr_carea' id='block_1_22' title="bbox 69 967 863 1003">
    <p class='ocr_par' dir='ltr' id='par_1_22' title="bbox 69 967 863 1003">
     <span class='ocr_line' id='line_1_22' title="bbox 69 967 863 1003; baseline -0.001 -9"><span class='ocrx_word' id='word_1_146' title='bbox 69 975 139 1002; x_wconf 80' lang='grc' dir='ltr'>γοις·</span> <span class='ocrx_word' id='word_1_147' title='bbox 154 969 179 995; x_wconf 74' lang='lat' dir='ltr'><strong>oi</strong></span> <span class='ocrx_word' id='word_1_148' title='bbox 190 968 230 1000; x_wconf 67' lang='grc' dir='ltr'><strong>δὲ,</strong></span> <span class='ocrx_word' id='word_1_149' title='bbox 242 967 484 1003; x_wconf 68' lang='grc' dir='ltr'>πόρῤωθεντοῖτον</span> <span class='ocrx_word' id='word_1_150' title='bbox 496 968 657 1002; x_wconf 74' lang='grc' dir='ltr'>Θεασάμενοι</span> <span class='ocrx_word' id='word_1_151' title='bbox 668 967 863 1002; x_wconf 64' lang='grc' dir='ltr'>συνησπικότες</span> 
     </span>
    </p>
   </div>
   <div class='ocr_carea' id='block_1_23' title="bbox 68 1014 863 1050">
    <p class='ocr_par' dir='ltr' id='par_1_23' title="bbox 68 1014 863 1050">
     <span class='ocr_line' id='line_1_23' title="bbox 68 1014 863 1050; baseline -0.001 -9"><span class='ocrx_word' id='word_1_152' title='bbox 68 1015 200 1050; x_wconf 76' lang='grc' dir='ltr'>ἔστησαν,</span> <span class='ocrx_word' id='word_1_153' title='bbox 220 1015 283 1046; x_wconf 78' lang='grc' dir='ltr'>τούς</span> <span class='ocrx_word' id='word_1_154' title='bbox 300 1024 329 1041; x_wconf 82' lang='grc' dir='ltr'>τε</span> <span class='ocrx_word' id='word_1_155' title='bbox 350 1015 449 1045; x_wconf 81' lang='grc' dir='ltr'>ἵππους</span> <span class='ocrx_word' id='word_1_156' title='bbox 475 1014 609 1049; x_wconf 72' lang='grc' dir='ltr'>ἀναψύξαι</span> <span class='ocrx_word' id='word_1_157' title='bbox 621 1014 788 1049; x_wconf 74' lang='grc' dir='ltr'>βουλόμενοι,</span> <span class='ocrx_word' id='word_1_158' title='bbox 804 1014 863 1049; x_wconf 75' lang='grc' dir='ltr'>ἅμα</span> 
     </span>
    </p>
   </div>
   <div class='ocr_carea' id='block_1_24' title="bbox 68 1059 862 1096">
    <p class='ocr_par' dir='ltr' id='par_1_24' title="bbox 68 1059 862 1096">
     <span class='ocr_line' id='line_1_24' title="bbox 68 1059 862 1096; baseline -0.001 -9"><span class='ocrx_word' id='word_1_159' title='bbox 68 1061 95 1088; x_wconf 76' lang='grc' dir='ltr'><strong>δὲ</strong></span> <span class='ocrx_word' id='word_1_160' title='bbox 106 1062 155 1087; x_wconf 76' lang='grc' dir='ltr'>καὶ</span> <span class='ocrx_word' id='word_1_161' title='bbox 171 1060 315 1096; x_wconf 73' lang='grc' dir='ltr'><strong>ζωγρῆσαι</strong></span> <span class='ocrx_word' id='word_1_162' title='bbox 328 1061 424 1086; x_wconf 82' lang='grc' dir='ltr'>τοῦτον</span> <span class='ocrx_word' id='word_1_163' title='bbox 442 1060 594 1091; x_wconf 74' lang='grc' dir='ltr'>ἐθέλοντες.</span> <span class='ocrx_word' id='word_1_164' title='bbox 608 1059 756 1086; x_wconf 73' lang='grc' dir='ltr'><strong>κάντεῦθεν</strong></span> <span class='ocrx_word' id='word_1_165' title='bbox 767 1059 862 1095; x_wconf 78' lang='grc' dir='ltr'>ὥσπερ</span> 
     </span>
    </p>
   </div>
   <div class='ocr_carea' id='block_1_25' title="bbox 67 1105 863 1143">
    <p class='ocr_par' dir='ltr' id='par_1_25' title="bbox 67 1105 863 1143">
     <span class='ocr_line' id='line_1_25' title="bbox 67 1105 863 1143; baseline -0.004 -8"><span class='ocrx_word' id='word_1_166' title='bbox 67 1117 93 1135; x_wconf 88' lang='grc' dir='ltr'><strong>τι</strong></span> <span class='ocrx_word' id='word_1_167' title='bbox 108 1108 233 1143; x_wconf 59' lang='grc' dir='ltr'>λάφυρον</span> <span class='ocrx_word' id='word_1_168' title='bbox 248 1107 288 1142; x_wconf 81' lang='grc' dir='ltr'>τῷ</span> <span class='ocrx_word' id='word_1_169' title='bbox 309 1107 473 1142; x_wconf 81' lang='grc' dir='ltr'>Ῥομπέρτῳ</span> <span class='ocrx_word' id='word_1_170' title='bbox 489 1106 611 1142; x_wconf 78' lang='grc' dir='ltr'>κομίσαι.</span> <span class='ocrx_word' id='word_1_171' title='bbox 639 1107 668 1133; x_wconf 93' lang='lat'><strong>&#39;0</strong></span> <span class='ocrx_word' id='word_1_172' title='bbox 690 1106 717 1132; x_wconf 80' lang='grc' dir='ltr'><strong>δὲ</strong></span> <span class='ocrx_word' id='word_1_173' title='bbox 738 1107 795 1140; x_wconf 71' lang='grc' dir='ltr'>ἅμα</span> <span class='ocrx_word' id='word_1_174' title='bbox 814 1105 863 1140; x_wconf 79' lang='grc' dir='ltr'>μὲν</span> 
     </span>
    </p>
   </div>
   <div class='ocr_carea' id='block_1_26' title="bbox 65 1151 863 1187">
    <p class='ocr_par' dir='ltr' id='par_1_26' title="bbox 65 1151 863 1187">
     <span class='ocr_line' id='line_1_26' title="bbox 65 1151 863 1187; baseline -0.003 -7"><span class='ocrx_word' id='word_1_175' title='bbox 65 1154 130 1186; x_wconf 81' lang='grc' dir='ltr'>τοὺς</span> <span class='ocrx_word' id='word_1_176' title='bbox 152 1153 267 1180; x_wconf 73' lang='grc' dir='ltr'>δπισθεν</span> <span class='ocrx_word' id='word_1_177' title='bbox 293 1152 402 1187; x_wconf 74' lang='grc' dir='ltr'>φεύγων</span> <span class='ocrx_word' id='word_1_178' title='bbox 419 1153 579 1185; x_wconf 78' lang='grc' dir='ltr'>διώκοντας,</span> <span class='ocrx_word' id='word_1_179' title='bbox 608 1153 654 1178; x_wconf 81' lang='grc' dir='ltr'>καὶ</span> <span class='ocrx_word' id='word_1_180' title='bbox 677 1153 740 1183; x_wconf 66' lang='grc' dir='ltr'>τοὺς</span> <span class='ocrx_word' id='word_1_181' title='bbox 759 1151 863 1186; x_wconf 76' lang='grc' dir='ltr'>ἔμπρο-</span> 
     </span>
    </p>
   </div>
   <div class='ocr_carea' id='block_1_27' title="bbox 67 1198 858 1234">
    <p class='ocr_par' dir='ltr' id='par_1_27' title="bbox 67 1198 858 1234">
     <span class='ocr_line' id='line_1_27' title="bbox 67 1198 858 1234; baseline 0.001 -9"><span class='ocrx_word' id='word_1_182' title='bbox 67 1199 131 1225; x_wconf 80' lang='grc' dir='ltr'>σθεν</span> <span class='ocrx_word' id='word_1_183' title='bbox 143 1198 326 1234; x_wconf 81' lang='grc' dir='ltr'>Θεασάμενος,</span> <span class='ocrx_word' id='word_1_184' title='bbox 338 1199 494 1233; x_wconf 79' lang='grc' dir='ltr'>ἀπεγνώκει</span> <span class='ocrx_word' id='word_1_185' title='bbox 515 1200 564 1230; x_wconf 76' lang='grc' dir='ltr'><strong>τὰς</strong></span> <span class='ocrx_word' id='word_1_186' title='bbox 577 1199 716 1230; x_wconf 77' lang='grc' dir='ltr'>σωζούσας</span> <span class='ocrx_word' id='word_1_187' title='bbox 734 1198 858 1230; x_wconf 77' lang='grc' dir='ltr'>ἐλπίδας.</span> 
     </span>
    </p>
   </div>
   <div class='ocr_carea' id='block_1_28' title="bbox 66 1243 862 1279">
    <p class='ocr_par' dir='ltr' id='par_1_28' title="bbox 66 1243 862 1279">
     <span class='ocr_line' id='line_1_28' title="bbox 66 1243 862 1279; baseline 0.001 -10"><span class='ocrx_word' id='word_1_188' title='bbox 66 1243 272 1279; x_wconf 78' lang='grc' dir='ltr'>Συλλεξάμενος</span> <span class='ocrx_word' id='word_1_189' title='bbox 296 1244 323 1270; x_wconf 74' lang='grc' dir='ltr'><strong>δὲ</strong></span> <span class='ocrx_word' id='word_1_190' title='bbox 343 1244 450 1276; x_wconf 78' lang='grc' dir='ltr'>ἑαυτὸν,</span> <span class='ocrx_word' id='word_1_191' title='bbox 463 1244 510 1270; x_wconf 77' lang='grc' dir='ltr'><strong>ἐπὶ</strong></span> <span class='ocrx_word' id='word_1_192' title='bbox 527 1244 580 1270; x_wconf 81' lang='grc' dir='ltr'><strong>τῶν</strong></span> <span class='ocrx_word' id='word_1_193' title='bbox 598 1244 686 1271; x_wconf 79' lang='grc' dir='ltr'>ἄλλων</span> <span class='ocrx_word' id='word_1_194' title='bbox 706 1245 787 1278; x_wconf 81' lang='grc' dir='ltr'>μέσον</span> <span class='ocrx_word' id='word_1_195' title='bbox 801 1244 862 1270; x_wconf 71' lang='grc' dir='ltr'>τινὰ</span> 
     </span>
    </p>
   </div>
   <div class='ocr_carea' id='block_1_29' title="bbox 64 1289 862 1325">
    <p class='ocr_par' dir='ltr' id='par_1_29' title="bbox 64 1289 862 1325">
     <span class='ocr_line' id='line_1_29' title="bbox 64 1289 862 1325; baseline 0 -9"><span class='ocrx_word' id='word_1_196' title='bbox 64 1290 200 1317; x_wconf 72' lang='grc' dir='ltr'>ἐθεάσατο</span> <span class='ocrx_word' id='word_1_197' title='bbox 226 1290 281 1317; x_wconf 78' lang='grc' dir='ltr'><strong>ἀπό</strong></span> <span class='ocrx_word' id='word_1_198' title='bbox 301 1298 330 1316; x_wconf 87' lang='grc' dir='ltr'>τε</span> <span class='ocrx_word' id='word_1_199' title='bbox 353 1290 398 1317; x_wconf 84' lang='grc' dir='ltr'>τοῦ</span> <span class='ocrx_word' id='word_1_200' title='bbox 427 1289 552 1324; x_wconf 85' lang='grc' dir='ltr'>σώματος</span> <span class='ocrx_word' id='word_1_201' title='bbox 566 1291 613 1317; x_wconf 80' lang='grc' dir='ltr'>καὶ</span> <span class='ocrx_word' id='word_1_202' title='bbox 641 1291 691 1325; x_wconf 83' lang='grc' dir='ltr'>τῆς</span> <span class='ocrx_word' id='word_1_203' title='bbox 705 1291 757 1317; x_wconf 81' lang='grc' dir='ltr'>τῶν</span> <span class='ocrx_word' id='word_1_204' title='bbox 773 1291 862 1318; x_wconf 72' lang='grc' dir='ltr'>ὃπλων</span> 
     </span>
    </p>
   </div>
   <div class='ocr_carea' id='block_1_30' title="bbox 63 1335 861 1372">
    <p class='ocr_par' dir='ltr' id='par_1_30' title="bbox 63 1335 861 1372">
     <span class='ocr_line' id='line_1_30' title="bbox 63 1335 861 1372; baseline -0.001 -9"><span class='ocrx_word' id='word_1_205' title='bbox 63 1336 298 1372; x_wconf 73' lang='grc' dir='ltr'>ἀποπαλλομένης</span> <span class='ocrx_word' id='word_1_206' title='bbox 307 1336 403 1371; x_wconf 76' lang='grc' dir='ltr'>αἴγλης</span> <span class='ocrx_word' id='word_1_207' title='bbox 412 1337 458 1363; x_wconf 68' lang='grc' dir='ltr'>τὸν</span> <span class='ocrx_word' id='word_1_208' title='bbox 474 1336 577 1371; x_wconf 82' lang='grc' dir='ltr'>Ῥόμπε</span> <span class='ocrx_word' id='word_1_209' title='bbox 583 1345 642 1371; x_wconf 88' lang='grc' dir='ltr'>ρτον</span> <span class='ocrx_word' id='word_1_210' title='bbox 652 1335 722 1363; x_wconf 77' lang='grc' dir='ltr'>εἴναι</span> <span class='ocrx_word' id='word_1_211' title='bbox 735 1336 861 1370; x_wconf 73' lang='grc' dir='ltr'>νομίσας,</span> 
     </span>
    </p>
   </div>
   <div class='ocr_carea' id='block_1_31' title="bbox 65 1381 861 1418">
    <p class='ocr_par' dir='ltr' id='par_1_31' title="bbox 65 1381 861 1418">
     <span class='ocr_line' id='line_1_31' title="bbox 65 1381 861 1418; baseline -0.001 -10"><span class='ocrx_word' id='word_1_212' title='bbox 65 1383 248 1417; x_wconf 72' lang='grc' dir='ltr'>καταστήσας</span> <span class='ocrx_word' id='word_1_213' title='bbox 263 1382 311 1409; x_wconf 80' lang='grc' dir='ltr'>τὸν</span> <span class='ocrx_word' id='word_1_214' title='bbox 329 1383 411 1409; x_wconf 80' lang='grc' dir='ltr'>ἵππον</span> <span class='ocrx_word' id='word_1_215' title='bbox 428 1381 488 1409; x_wconf 80' lang='grc' dir='ltr'>κατ’</span> <span class='ocrx_word' id='word_1_216' title='bbox 508 1382 589 1409; x_wconf 83' lang='grc' dir='ltr'>αὑτοῦ</span> <span class='ocrx_word' id='word_1_217' title='bbox 605 1382 726 1418; x_wconf 80' lang='grc' dir='ltr'>φέρεται’</span> <span class='ocrx_word' id='word_1_218' title='bbox 739 1383 861 1413; x_wconf 81' lang='grc' dir='ltr'>κάκεῖνος</span> 
     </span>
    </p>
   </div>
   <div class='ocr_carea' id='block_1_32' title="bbox 63 1425 861 1461">
    <p class='ocr_par' dir='ltr' id='par_1_32' title="bbox 63 1425 861 1461">
     <span class='ocr_line' id='line_1_32' title="bbox 63 1425 861 1461; baseline 0 -9"><span class='ocrx_word' id='word_1_219' title='bbox 63 1427 86 1452; x_wconf 86' lang='grc' dir='ltr'><strong>δ’</strong></span> <span class='ocrx_word' id='word_1_220' title='bbox 104 1425 213 1452; x_wconf 66' lang='grc' dir='ltr'><strong>ἐκεῖθεν</strong></span> <span class='ocrx_word' id='word_1_221' title='bbox 243 1427 313 1461; x_wconf 74' lang='grc' dir='ltr'>πρὸς</span> <span class='ocrx_word' id='word_1_222' title='bbox 343 1427 427 1453; x_wconf 76' lang='grc' dir='ltr'>αὐτὸν</span> <span class='ocrx_word' id='word_1_223' title='bbox 451 1427 481 1453; x_wconf 83' lang='grc' dir='ltr'>τὸ</span> <span class='ocrx_word' id='word_1_224' title='bbox 502 1427 565 1461; x_wconf 82' lang='grc' dir='ltr'>δόρυ</span> <span class='ocrx_word' id='word_1_225' title='bbox 592 1427 719 1459; x_wconf 66' lang='grc' dir='ltr'><strong>εὐθύνας,</strong></span> <span class='ocrx_word' id='word_1_226' title='bbox 742 1427 788 1452; x_wconf 73' lang='grc' dir='ltr'>καὶ</span> <span class='ocrx_word' id='word_1_227' title='bbox 812 1426 861 1461; x_wconf 82' lang='grc' dir='ltr'>μέν</span> 
     </span>
    </p>
   </div>
   <div class='ocr_carea' id='block_1_33' title="bbox 62 1473 860 1508">
    <p class='ocr_par' dir='ltr' id='par_1_33' title="bbox 62 1473 860 1508">
     <span class='ocr_line' id='line_1_33' title="bbox 62 1473 860 1508; baseline -0.004 -8"><span class='ocrx_word' id='word_1_228' title='bbox 62 1482 106 1500; x_wconf 83' lang='grc' dir='ltr'><strong>τοι</strong></span> <span class='ocrx_word' id='word_1_229' title='bbox 126 1482 159 1507; x_wconf 86' lang='grc' dir='ltr'><strong>γε</strong></span> <span class='ocrx_word' id='word_1_230' title='bbox 178 1475 225 1500; x_wconf 86' lang='grc' dir='ltr'>καὶ</span> <span class='ocrx_word' id='word_1_231' title='bbox 241 1473 436 1504; x_wconf 81' lang='grc' dir='ltr'>συνελάσαντες</span> <span class='ocrx_word' id='word_1_232' title='bbox 452 1473 537 1508; x_wconf 61' lang='grc' dir='ltr'>ἄμφω</span> <span class='ocrx_word' id='word_1_233' title='bbox 548 1474 618 1500; x_wconf 79' lang='grc' dir='ltr'>κατὰ</span> <span class='ocrx_word' id='word_1_234' title='bbox 638 1473 668 1499; x_wconf 81' lang='grc' dir='ltr'>τδ</span> <span class='ocrx_word' id='word_1_235' title='bbox 688 1473 860 1508; x_wconf 80' lang='grc' dir='ltr'>μεσαιχμιον,</span> 
     </span>
    </p>
   </div>
   <div class='ocr_carea' id='block_1_34' title="bbox 64 1518 896 1558">
    <p class='ocr_par' dir='ltr' id='par_1_34' title="bbox 64 1518 896 1558">
     <span class='ocr_line' id='line_1_34' title="bbox 64 1518 896 1558; baseline -0.002 -13"><span class='ocrx_word' id='word_1_236' title='bbox 64 1520 126 1545; x_wconf 80' lang='grc' dir='ltr'>κατ’</span> <span class='ocrx_word' id='word_1_237' title='bbox 144 1519 286 1554; x_wconf 72' lang='grc' dir='ltr'>ἀλλήλλων</span> <span class='ocrx_word' id='word_1_238' title='bbox 314 1519 413 1546; x_wconf 74' lang='grc' dir='ltr'>ἵενται.</span> <span class='ocrx_word' id='word_1_239' title='bbox 443 1519 580 1554; x_wconf 79' lang='grc' dir='ltr'>Πρότερον</span> <span class='ocrx_word' id='word_1_240' title='bbox 596 1518 624 1545; x_wconf 80' lang='grc' dir='ltr'><strong>δὲ</strong></span> <span class='ocrx_word' id='word_1_241' title='bbox 640 1519 653 1544; x_wconf 83' lang='grc' dir='ltr'>ὁ</span> <span class='ocrx_word' id='word_1_242' title='bbox 681 1518 860 1553; x_wconf 71' lang='grc' dir='ltr'>αὐτοκράτωρ</span> <span class='ocrx_word' id='word_1_243' title='bbox 873 1531 896 1558; x_wconf 77' lang='lat' dir='ltr'><strong>c</strong></span> 
     </span>
    </p>
   </div>
   <div class='ocr_carea' id='block_1_35' title="bbox 62 1564 857 1601">
    <p class='ocr_par' dir='ltr' id='par_1_35' title="bbox 62 1564 857 1601">
     <span class='ocr_line' id='line_1_35' title="bbox 62 1564 857 1601; baseline -0.003 -9"><span class='ocrx_word' id='word_1_244' title='bbox 62 1565 191 1597; x_wconf 85' lang='grc' dir='ltr'>διιθύνας</span> <span class='ocrx_word' id='word_1_245' title='bbox 211 1564 260 1598; x_wconf 82' lang='grc' dir='ltr'>τὴν</span> <span class='ocrx_word' id='word_1_246' title='bbox 285 1567 366 1601; x_wconf 84' lang='grc' dir='ltr'>χεῖρα</span> <span class='ocrx_word' id='word_1_247' title='bbox 387 1565 462 1593; x_wconf 80' lang='grc' dir='ltr'>παίει</span> <span class='ocrx_word' id='word_1_248' title='bbox 486 1564 583 1592; x_wconf 86' lang='grc' dir='ltr'>τοῦτον</span> <span class='ocrx_word' id='word_1_249' title='bbox 595 1565 639 1592; x_wconf 86' lang='grc' dir='ltr'>διὰ</span> <span class='ocrx_word' id='word_1_250' title='bbox 661 1564 707 1591; x_wconf 83' lang='grc' dir='ltr'>τοῦ</span> <span class='ocrx_word' id='word_1_251' title='bbox 725 1565 836 1599; x_wconf 79' lang='grc' dir='ltr'>δόρατος</span> <span class='ocrx_word' id='word_1_252' title='bbox 850 1573 857 1580; x_wconf 78' lang='grc' dir='ltr'><strong>ο</strong></span> 
     </span>
    </p>
   </div>
   <div class='ocr_carea' id='block_1_36' title="bbox 63 1612 859 1648">
    <p class='ocr_par' dir='ltr' id='par_1_36' title="bbox 63 1612 859 1648">
     <span class='ocr_line' id='line_1_36' title="bbox 63 1612 859 1648; baseline -0.001 -9"><span class='ocrx_word' id='word_1_253' title='bbox 63 1613 94 1639; x_wconf 74' lang='grc' dir='ltr'><strong>τὸ</strong></span> <span class='ocrx_word' id='word_1_254' title='bbox 103 1613 133 1639; x_wconf 83' lang='grc' dir='ltr'><strong>δὲ</strong></span> <span class='ocrx_word' id='word_1_255' title='bbox 147 1612 261 1639; x_wconf 76' lang='grc' dir='ltr'>αὐτόθεν</span> <span class='ocrx_word' id='word_1_256' title='bbox 275 1613 319 1639; x_wconf 70' lang='grc' dir='ltr'><strong>διὰ</strong></span> <span class='ocrx_word' id='word_1_257' title='bbox 333 1613 387 1639; x_wconf 82' lang='grc' dir='ltr'>τῶν</span> <span class='ocrx_word' id='word_1_258' title='bbox 404 1613 500 1648; x_wconf 82' lang='grc' dir='ltr'>μαζῶν</span> <span class='ocrx_word' id='word_1_259' title='bbox 513 1613 553 1644; x_wconf 80' lang='grc' dir='ltr'>είς</span> <span class='ocrx_word' id='word_1_260' title='bbox 567 1613 601 1639; x_wconf 79' lang='grc' dir='ltr'>τὰ</span> <span class='ocrx_word' id='word_1_261' title='bbox 618 1612 772 1647; x_wconf 57' lang='grc' dir='ltr'>μετάφρενα</span> <span class='ocrx_word' id='word_1_262' title='bbox 786 1612 859 1638; x_wconf 81' lang='grc' dir='ltr'>διεκ-</span> 
     </span>
    </p>
   </div>
   <div class='ocr_carea' id='block_1_37' title="bbox 65 1655 858 1694">
    <p class='ocr_par' dir='ltr' id='par_1_37' title="bbox 65 1655 858 1694">
     <span class='ocr_line' id='line_1_37' title="bbox 65 1655 858 1694; baseline -0.001 -9"><span class='ocrx_word' id='word_1_263' title='bbox 65 1659 201 1686; x_wconf 76' lang='grc' dir='ltr'>ϐάλλεται</span> <span class='ocrx_word' id='word_1_264' title='bbox 220 1679 227 1686; x_wconf 90' lang='grc'>.</span> <span class='ocrx_word' id='word_1_265' title='bbox 247 1659 302 1686; x_wconf 86' lang='lat' dir='ltr'><strong>Kal.</strong></span> <span class='ocrx_word' id='word_1_266' title='bbox 317 1659 361 1686; x_wconf 77' lang='grc' dir='ltr'>τὸν</span> <span class='ocrx_word' id='word_1_267' title='bbox 380 1660 431 1694; x_wconf 70' lang='grc' dir='ltr'>μὲν</span> <span class='ocrx_word' id='word_1_268' title='bbox 451 1659 590 1694; x_wconf 76' lang='grc' dir='ltr'>βάρϐαρον</span> <span class='ocrx_word' id='word_1_269' title='bbox 608 1659 707 1686; x_wconf 82' lang='grc' dir='ltr'>αὐτίκα</span> <span class='ocrx_word' id='word_1_270' title='bbox 721 1655 793 1694; x_wconf 77' lang='grc' dir='ltr'><strong>εἶχεν</strong></span> <span class='ocrx_word' id='word_1_271' title='bbox 806 1660 858 1693; x_wconf 76' lang='grc' dir='ltr'><strong>γῆι</strong></span> 
     </span>
    </p>
   </div>
   <div class='ocr_carea' id='block_1_38' title="bbox 65 1704 860 1740">
    <p class='ocr_par' dir='ltr' id='par_1_38' title="bbox 65 1704 860 1740">
     <span class='ocr_line' id='line_1_38' title="bbox 65 1704 860 1740; baseline 0 -10"><span class='ocrx_word' id='word_1_272' title='bbox 65 1705 150 1736; x_wconf 78' lang='grc' dir='ltr'>εὐθὺς</span> <span class='ocrx_word' id='word_1_273' title='bbox 166 1705 220 1740; x_wconf 83' lang='grc' dir='ltr'>γὰρ</span> <span class='ocrx_word' id='word_1_274' title='bbox 233 1704 328 1732; x_wconf 86' lang='grc' dir='ltr'>τοῦτον</span> <span class='ocrx_word' id='word_1_275' title='bbox 342 1705 447 1740; x_wconf 74' lang='grc' dir='ltr'>ἀφῆκεν</span> <span class='ocrx_word' id='word_1_276' title='bbox 460 1705 506 1731; x_wconf 78' lang='grc' dir='ltr'>καὶ</span> <span class='ocrx_word' id='word_1_277' title='bbox 522 1706 538 1739; x_wconf 86' lang='grc' dir='ltr'><strong>ή</strong></span> <span class='ocrx_word' id='word_1_278' title='bbox 550 1704 634 1740; x_wconf 78' lang='grc' dir='ltr'>ψυχὴ,</span> <span class='ocrx_word' id='word_1_279' title='bbox 661 1704 709 1740; x_wconf 74' lang='grc' dir='ltr'>τῆς</span> <span class='ocrx_word' id='word_1_280' title='bbox 732 1704 860 1740; x_wconf 81' lang='grc' dir='ltr'>τρώσεως</span> 
     </span>
    </p>
   </div>
   <div class='ocr_carea' id='block_1_39' title="bbox 65 1750 857 1786">
    <p class='ocr_par' dir='ltr' id='par_1_39' title="bbox 65 1750 857 1786">
     <span class='ocr_line' id='line_1_39' title="bbox 65 1750 857 1786; baseline -0.001 -9"><span class='ocrx_word' id='word_1_281' title='bbox 65 1751 181 1786; x_wconf 78' lang='grc' dir='ltr'>καιρίας</span> <span class='ocrx_word' id='word_1_282' title='bbox 196 1751 396 1785; x_wconf 75' lang='grc' dir='ltr'>γεγενημένης.</span> <span class='ocrx_word' id='word_1_283' title='bbox 416 1751 470 1777; x_wconf 78' lang='grc' dir='ltr'><strong>Καὶ</strong></span> <span class='ocrx_word' id='word_1_284' title='bbox 497 1751 545 1778; x_wconf 83' lang='grc' dir='ltr'>τοῦ</span> <span class='ocrx_word' id='word_1_285' title='bbox 573 1750 669 1777; x_wconf 81' lang='grc' dir='ltr'>λοιποῦ</span> <span class='ocrx_word' id='word_1_286' title='bbox 689 1751 703 1776; x_wconf 76' lang='grc' dir='ltr'><strong>ὁ</strong></span> <span class='ocrx_word' id='word_1_287' title='bbox 719 1750 857 1786; x_wconf 76' lang='grc' dir='ltr'>βασιλεὺς,</span> 
     </span>
    </p>
   </div>
   <div class='ocr_carea' id='block_1_40' title="bbox 64 1795 857 1831">
    <p class='ocr_par' dir='ltr' id='par_1_40' title="bbox 64 1795 857 1831">
     <span class='ocr_line' id='line_1_40' title="bbox 64 1795 857 1831; baseline -0.001 -8"><span class='ocrx_word' id='word_1_288' title='bbox 64 1796 273 1831; x_wconf 78' lang='grc' dir='ltr'>διασχισθείσης</span> <span class='ocrx_word' id='word_1_289' title='bbox 291 1797 340 1830; x_wconf 78' lang='grc' dir='ltr'>τῆς</span> <span class='ocrx_word' id='word_1_290' title='bbox 357 1796 511 1830; x_wconf 78' lang='grc' dir='ltr'>φάλαγγος,</span> <span class='ocrx_word' id='word_1_291' title='bbox 523 1796 566 1822; x_wconf 78' lang='grc' dir='ltr'>διὰ</span> <span class='ocrx_word' id='word_1_292' title='bbox 576 1796 666 1831; x_wconf 84' lang='grc' dir='ltr'>μέσων</span> <span class='ocrx_word' id='word_1_293' title='bbox 675 1795 764 1822; x_wconf 78' lang='grc' dir='ltr'>αὖτῶν</span> <span class='ocrx_word' id='word_1_294' title='bbox 780 1795 857 1828; x_wconf 75' lang='grc' dir='ltr'>ἐξιπ-</span> 
     </span>
    </p>
   </div>
   <div class='ocr_carea' id='block_1_41' title="bbox 65 1841 858 1877">
    <p class='ocr_par' dir='ltr' id='par_1_41' title="bbox 65 1841 858 1877">
     <span class='ocr_line' id='line_1_41' title="bbox 65 1841 858 1877; baseline -0.001 -8"><span class='ocrx_word' id='word_1_295' title='bbox 65 1843 188 1872; x_wconf 75' lang='grc' dir='ltr'>πάσατο,</span> <span class='ocrx_word' id='word_1_296' title='bbox 205 1842 298 1868; x_wconf 80' lang='grc' dir='ltr'>ἄδειαν</span> <span class='ocrx_word' id='word_1_297' title='bbox 322 1841 397 1877; x_wconf 80' lang='grc' dir='ltr'><strong>αὐτῷ</strong></span> <span class='ocrx_word' id='word_1_298' title='bbox 421 1842 608 1877; x_wconf 74' lang='grc' dir='ltr'>ὲφευράμσνος</span> <span class='ocrx_word' id='word_1_299' title='bbox 622 1842 671 1877; x_wconf 84' lang='grc' dir='ltr'>τὴν</span> <span class='ocrx_word' id='word_1_300' title='bbox 687 1841 793 1877; x_wconf 81' lang='grc' dir='ltr'>σφαγὴν</span> <span class='ocrx_word' id='word_1_301' title='bbox 812 1841 858 1868; x_wconf 81' lang='grc' dir='ltr'><strong>τοῦ</strong></span> 
     </span>
    </p>
   </div>
   <div class='ocr_carea' id='block_1_42' title="bbox 66 1887 859 1924">
    <p class='ocr_par' dir='ltr' id='par_1_42' title="bbox 66 1887 859 1924">
     <span class='ocr_line' id='line_1_42' title="bbox 66 1887 859 1924; baseline -0.003 -8"><span class='ocrx_word' id='word_1_302' title='bbox 66 1889 211 1924; x_wconf 77' lang='grc' dir='ltr'>βαρσάρου</span> <span class='ocrx_word' id='word_1_303' title='bbox 226 1888 335 1915; x_wconf 81' lang='grc' dir='ltr'>τούτου.</span> <span class='ocrx_word' id='word_1_304' title='bbox 355 1888 386 1915; x_wconf 82' lang='lat' dir='ltr'><strong>Ol</strong></span> <span class='ocrx_word' id='word_1_305' title='bbox 403 1887 425 1914; x_wconf 84' lang='grc' dir='ltr'><strong>δ’</strong></span> <span class='ocrx_word' id='word_1_306' title='bbox 443 1888 524 1920; x_wconf 82' lang='grc' dir='ltr'>εὐθὺς</span> <span class='ocrx_word' id='word_1_307' title='bbox 539 1888 583 1914; x_wconf 80' lang='grc' dir='ltr'>τδν</span> <span class='ocrx_word' id='word_1_308' title='bbox 594 1887 734 1924; x_wconf 77' lang='grc' dir='ltr'>τρωθέντα</span> <span class='ocrx_word' id='word_1_309' title='bbox 751 1889 790 1920; x_wconf 74' lang='grc' dir='ltr'><strong>εἰς</strong></span> <span class='ocrx_word' id='word_1_310' title='bbox 806 1888 859 1923; x_wconf 83' lang='grc' dir='ltr'><strong>γῆν</strong></span> 
     </span>
    </p>
   </div>
   <div class='ocr_carea' id='block_1_43' title="bbox 65 1934 859 1971">
    <p class='ocr_par' dir='ltr' id='par_1_43' title="bbox 65 1934 859 1971">
     <span class='ocr_line' id='line_1_43' title="bbox 65 1934 859 1971; baseline -0.003 -9"><span class='ocrx_word' id='word_1_311' title='bbox 65 1936 239 1971; x_wconf 66' lang='grc' dir='ltr'>ἐρριμμένον</span> <span class='ocrx_word' id='word_1_312' title='bbox 254 1934 432 1970; x_wconf 78' lang='grc' dir='ltr'>θεασάμενοι,</span> <span class='ocrx_word' id='word_1_313' title='bbox 443 1934 635 1970; x_wconf 77' lang='grc' dir='ltr'>περιχυθέντες</span> <span class='ocrx_word' id='word_1_314' title='bbox 648 1934 778 1968; x_wconf 79' lang='grc' dir='ltr'>κειμένῳ,</span> <span class='ocrx_word' id='word_1_315' title='bbox 794 1934 859 1969; x_wconf 80' lang='grc' dir='ltr'><strong>περὶ</strong></span> 
     </span>
    </p>
   </div>
   <div class='ocr_carea' id='block_1_44' title="bbox 67 1978 859 2014">
    <p class='ocr_par' dir='ltr' id='par_1_44' title="bbox 67 1978 859 2014">
     <span class='ocr_line' id='line_1_44' title="bbox 67 1978 859 2014; baseline 0.003 -10"><span class='ocrx_word' id='word_1_316' title='bbox 67 1978 156 2005; x_wconf 68' lang='grc' dir='ltr'>αὐτὸν</span> <span class='ocrx_word' id='word_1_317' title='bbox 180 1978 362 2005; x_wconf 81' lang='grc' dir='ltr'>διεπονοῦντο.</span> <span class='ocrx_word' id='word_1_318' title='bbox 390 1979 446 2006; x_wconf 76' lang='grc' dir='ltr'><strong>Καὶ</strong></span> <span class='ocrx_word' id='word_1_319' title='bbox 467 1979 643 2005; x_wconf 75' lang='grc' dir='ltr'>οιδπισοεντ</span> <span class='ocrx_word' id='word_1_320' title='bbox 670 1979 716 2005; x_wconf 78' lang='grc' dir='ltr'>τὸν</span> <span class='ocrx_word' id='word_1_321' title='bbox 748 1978 859 2014; x_wconf 81' lang='grc' dir='ltr'>βασιλέα</span> 
     </span>
    </p>
   </div>
   <div class='ocr_carea' id='block_1_45' title="bbox 63 2025 858 2060">
    <p class='ocr_par' dir='ltr' id='par_1_45' title="bbox 63 2025 858 2060">
     <span class='ocr_line' id='line_1_45' title="bbox 63 2025 858 2060; baseline 0.001 -9"><span class='ocrx_word' id='word_1_322' title='bbox 63 2025 224 2056; x_wconf 78' lang='grc' dir='ltr'>διώκοντες,</span> <span class='ocrx_word' id='word_1_323' title='bbox 237 2025 348 2057; x_wconf 69' lang='grc' dir='ltr'>τούτους</span> <span class='ocrx_word' id='word_1_324' title='bbox 357 2025 530 2060; x_wconf 79' lang='grc' dir='ltr'>θεασάμενοι,</span> <span class='ocrx_word' id='word_1_325' title='bbox 541 2025 692 2057; x_wconf 77' lang='grc' dir='ltr'>ἀποϐάντες</span> <span class='ocrx_word' id='word_1_326' title='bbox 702 2025 756 2051; x_wconf 86' lang='grc' dir='ltr'>τῶν</span> <span class='ocrx_word' id='word_1_327' title='bbox 766 2025 858 2052; x_wconf 78' lang='grc' dir='ltr'>ἵππων</span> 
     </span>
    </p>
   </div>
   <div class='ocr_carea' id='block_1_46' title="bbox 917 228 1706 265">
    <p class='ocr_par' dir='ltr' id='par_1_46' title="bbox 917 228 1706 265">
     <span class='ocr_line' id='line_1_46' title="bbox 917 228 1706 265; baseline 0.003 -9"><span class='ocrx_word' id='word_1_328' title='bbox 917 236 989 262; x_wconf 90' lang='lat' dir='ltr'><strong>equo</strong></span> <span class='ocrx_word' id='word_1_329' title='bbox 1023 228 1196 263; x_wconf 74' lang='lat' dir='ltr'><strong>imperatoris</strong></span> <span class='ocrx_word' id='word_1_330' title='bbox 1232 229 1343 264; x_wconf 87' lang='lat' dir='ltr'><strong>appetiti</strong></span> <span class='ocrx_word' id='word_1_331' title='bbox 1379 230 1501 265; x_wconf 81' lang='lat' dir='ltr'><strong>undique</strong></span> <span class='ocrx_word' id='word_1_332' title='bbox 1528 232 1706 260; x_wconf 80' lang='lat' dir='ltr'><strong>mucroniwa</strong></span> 
     </span>
    </p>
   </div>
   <div class='ocr_carea' id='block_1_47' title="bbox 919 275 1706 313">
    <p class='ocr_par' dir='ltr' id='par_1_47' title="bbox 919 275 1706 313">
     <span class='ocr_line' id='line_1_47' title="bbox 919 275 1706 313; baseline 0.003 -12"><span class='ocrx_word' id='word_1_333' title='bbox 919 275 1071 306; x_wconf 82' lang='lat' dir='ltr'><strong>hastarum,</strong></span> <span class='ocrx_word' id='word_1_334' title='bbox 1095 279 1121 301; x_wconf 85' lang='lat' dir='ltr'><strong>et</strong></span> <span class='ocrx_word' id='word_1_335' title='bbox 1138 282 1231 302; x_wconf 88' lang='lat' dir='ltr'><strong>earum</strong></span> <span class='ocrx_word' id='word_1_336' title='bbox 1260 276 1335 303; x_wconf 87' lang='lat' dir='ltr'><strong>vario</strong></span> <span class='ocrx_word' id='word_1_337' title='bbox 1360 283 1390 304; x_wconf 88' lang='lat' dir='ltr'><strong>se</strong></span> <span class='ocrx_word' id='word_1_338' title='bbox 1413 281 1511 304; x_wconf 92' lang='lat' dir='ltr'><strong>mutuo</strong></span> <span class='ocrx_word' id='word_1_339' title='bbox 1538 283 1706 313; x_wconf 75' lang='lat' dir='ltr'><strong>temperante.</strong></span> 
     </span>
    </p>
   </div>
   <div class='ocr_carea' id='block_1_48' title="bbox 918 320 1706 359">
    <p class='ocr_par' dir='ltr' id='par_1_48' title="bbox 918 320 1706 359">
     <span class='ocr_line' id='line_1_48' title="bbox 918 320 1706 359; baseline 0.006 -12"><span class='ocrx_word' id='word_1_340' title='bbox 918 320 1036 355; x_wconf 89' lang='lat' dir='ltr'><strong>impulsu</strong></span> <span class='ocrx_word' id='word_1_341' title='bbox 1055 321 1092 348; x_wconf 88' lang='lat' dir='ltr'><strong>ita</strong></span> <span class='ocrx_word' id='word_1_342' title='bbox 1112 321 1214 353; x_wconf 89' lang='lat' dir='ltr'><strong>librati,</strong></span> <span class='ocrx_word' id='word_1_343' title='bbox 1230 325 1260 349; x_wconf 92' lang='lat' dir='ltr'><strong>ut</strong></span> <span class='ocrx_word' id='word_1_344' title='bbox 1277 322 1350 349; x_wconf 92' lang='lat' dir='ltr'><strong>nulla</strong></span> <span class='ocrx_word' id='word_1_345' title='bbox 1368 330 1396 350; x_wconf 91' lang='lat' dir='ltr'><strong>re</strong></span> <span class='ocrx_word' id='word_1_346' title='bbox 1411 322 1464 350; x_wconf 87' lang='lat' dir='ltr'><strong>alia</strong></span> <span class='ocrx_word' id='word_1_347' title='bbox 1478 331 1560 359; x_wconf 84' lang='lat' dir='ltr'><strong>quam</strong></span> <span class='ocrx_word' id='word_1_348' title='bbox 1579 325 1706 352; x_wconf 85' lang='lat' dir='ltr'><strong>multitu-</strong></span> 
     </span>
    </p>
   </div>
   <div class='ocr_carea' id='block_1_49' title="bbox 917 366 1705 402">
    <p class='ocr_par' dir='ltr' id='par_1_49' title="bbox 917 366 1705 402">
     <span class='ocr_line' id='line_1_49' title="bbox 917 366 1705 402; baseline 0.006 -10"><span class='ocrx_word' id='word_1_349' title='bbox 917 366 1017 393; x_wconf 87' lang='lat' dir='ltr'><strong>dinein</strong></span> <span class='ocrx_word' id='word_1_350' title='bbox 1038 366 1144 393; x_wconf 88' lang='lat' dir='ltr'><strong>ruinatn</strong></span> <span class='ocrx_word' id='word_1_351' title='bbox 1159 367 1314 402; x_wconf 77' lang='lat' dir='ltr'><strong>urgentium</strong></span> <span class='ocrx_word' id='word_1_352' title='bbox 1336 373 1449 396; x_wconf 82' lang='lat' dir='ltr'><strong>erectus</strong></span> <span class='ocrx_word' id='word_1_353' title='bbox 1473 373 1572 398; x_wconf 80' lang='lat' dir='ltr'><strong>staret.</strong></span> <span class='ocrx_word' id='word_1_354' title='bbox 1593 370 1661 398; x_wconf 85' lang='lat' dir='ltr'><strong>Cum</strong></span> <span class='ocrx_word' id='word_1_355' title='bbox 1682 371 1705 397; x_wconf 87' lang='lat' dir='ltr'><strong>is</strong></span> 
     </span>
    </p>
   </div>
   <div class='ocr_carea' id='block_1_50' title="bbox 917 413 1706 444">
    <p class='ocr_par' dir='ltr' id='par_1_50' title="bbox 917 413 1706 444">
     <span class='ocr_line' id='line_1_50' title="bbox 917 413 1706 444; baseline 0.006 -5"><span class='ocrx_word' id='word_1_356' title='bbox 917 417 1008 439; x_wconf 90' lang='lat' dir='ltr'><strong>autem</strong></span> <span class='ocrx_word' id='word_1_357' title='bbox 1037 413 1082 440; x_wconf 86' lang='lat' dir='ltr'><strong>tali</strong></span> <span class='ocrx_word' id='word_1_358' title='bbox 1111 414 1257 441; x_wconf 84' lang='lat' dir='ltr'><strong>occasione</strong></span> <span class='ocrx_word' id='word_1_359' title='bbox 1282 419 1393 442; x_wconf 88' lang='lat' dir='ltr'><strong>strenue</strong></span> <span class='ocrx_word' id='word_1_360' title='bbox 1413 420 1493 443; x_wconf 86' lang='lat' dir='ltr'><strong>utens</strong></span> <span class='ocrx_word' id='word_1_361' title='bbox 1510 424 1571 444; x_wconf 87' lang='lat' dir='ltr'><strong>sese</strong></span> <span class='ocrx_word' id='word_1_362' title='bbox 1595 417 1623 444; x_wconf 92' lang='lat' dir='ltr'><strong>in</strong></span> <span class='ocrx_word' id='word_1_363' title='bbox 1641 417 1706 444; x_wconf 79' lang='lat' dir='ltr'><strong>sede</strong></span> 
     </span>
    </p>
   </div>
   <div class='ocr_carea' id='block_1_51' title="bbox 917 459 1704 496">
    <p class='ocr_par' dir='ltr' id='par_1_51' title="bbox 917 459 1704 496">
     <span class='ocr_line' id='line_1_51' title="bbox 917 459 1704 496; baseline 0.005 -10"><span class='ocrx_word' id='word_1_364' title='bbox 917 460 1021 487; x_wconf 75' lang='lat' dir='ltr'><strong>certius</strong></span> <span class='ocrx_word' id='word_1_365' title='bbox 1040 459 1188 491; x_wconf 81' lang='lat' dir='ltr'><strong>ﬁrmasset,</strong></span> <span class='ocrx_word' id='word_1_366' title='bbox 1215 461 1398 496; x_wconf 83' lang='lat' dir='ltr'><strong>restitutaque</strong></span> <span class='ocrx_word' id='word_1_367' title='bbox 1417 461 1444 488; x_wconf 89' lang='lat' dir='ltr'><strong>in</strong></span> <span class='ocrx_word' id='word_1_368' title='bbox 1473 462 1595 489; x_wconf 88' lang='lat' dir='ltr'><strong>debitttm</strong></span> <span class='ocrx_word' id='word_1_369' title='bbox 1615 463 1704 490; x_wconf 84' lang='lat' dir='ltr'><strong>locum</strong></span> 
     </span>
    </p>
   </div>
   <div class='ocr_carea' id='block_1_52' title="bbox 916 504 1705 541">
    <p class='ocr_par' dir='ltr' id='par_1_52' title="bbox 916 504 1705 541">
     <span class='ocr_line' id='line_1_52' title="bbox 916 504 1705 541; baseline 0.005 -10"><span class='ocrx_word' id='word_1_370' title='bbox 916 504 1075 539; x_wconf 78' lang='lat' dir='ltr'><strong>cpln-stride</strong></span> <span class='ocrx_word' id='word_1_371' title='bbox 1109 506 1171 540; x_wconf 93' lang='lat' dir='ltr'><strong>equi</strong></span> <span class='ocrx_word' id='word_1_372' title='bbox 1205 505 1329 533; x_wconf 79' lang='lat' dir='ltr'><strong>habenas</strong></span> <span class='ocrx_word' id='word_1_373' title='bbox 1355 508 1500 541; x_wconf 79' lang='lat' dir='ltr'><strong>angustius</strong></span> <span class='ocrx_word' id='word_1_374' title='bbox 1529 514 1705 541; x_wconf 69' lang='lat' dir='ltr'><strong>compescens</strong></span> 
     </span>
    </p>
   </div>
   <div class='ocr_carea' id='block_1_53' title="bbox 915 549 1702 587">
    <p class='ocr_par' dir='ltr' id='par_1_53' title="bbox 915 549 1702 587">
     <span class='ocr_line' id='line_1_53' title="bbox 915 549 1702 587; baseline 0.005 -11"><span class='ocrx_word' id='word_1_375' title='bbox 915 551 970 576; x_wconf 80' lang='lat' dir='ltr'><strong>alte</strong></span> <span class='ocrx_word' id='word_1_376' title='bbox 990 549 1160 582; x_wconf 76' lang='lat' dir='ltr'><strong>adduxisset,</strong></span> <span class='ocrx_word' id='word_1_377' title='bbox 1176 558 1325 585; x_wconf 78' lang='lat' dir='ltr'><strong>generosus</strong></span> <span class='ocrx_word' id='word_1_378' title='bbox 1346 553 1459 587; x_wconf 84' lang='lat' dir='ltr'><strong>sonipes</strong></span> <span class='ocrx_word' id='word_1_379' title='bbox 1477 558 1573 580; x_wconf 88' lang='lat' dir='ltr'><strong>natura</strong></span> <span class='ocrx_word' id='word_1_380' title='bbox 1589 552 1702 587; x_wconf 66' lang='lat' dir='ltr'><strong>prtcfcr—</strong></span> 
     </span>
    </p>
   </div>
   <div class='ocr_carea' id='block_1_54' title="bbox 916 595 1705 632">
    <p class='ocr_par' dir='ltr' id='par_1_54' title="bbox 916 595 1705 632">
     <span class='ocr_line' id='line_1_54' title="bbox 916 595 1705 632; baseline 0.006 -11"><span class='ocrx_word' id='word_1_381' title='bbox 916 595 1004 627; x_wconf 71' lang='lat' dir='ltr'><strong>viilus,</strong></span> <span class='ocrx_word' id='word_1_382' title='bbox 1023 600 1049 622; x_wconf 90' lang='lat' dir='ltr'><strong>et</strong></span> <span class='ocrx_word' id='word_1_383' title='bbox 1065 596 1150 623; x_wconf 81' lang='lat' dir='ltr'><strong>ﬁrmis</strong></span> <span class='ocrx_word' id='word_1_384' title='bbox 1167 596 1306 628; x_wconf 86' lang='lat' dir='ltr'><strong>cruribus,</strong></span> <span class='ocrx_word' id='word_1_385' title='bbox 1331 596 1467 632; x_wconf 83' lang='lat' dir='ltr'><strong>planeque</strong></span> <span class='ocrx_word' id='word_1_386' title='bbox 1497 603 1577 632; x_wconf 87' lang='lat' dir='ltr'><strong>aptus</strong></span> <span class='ocrx_word' id='word_1_387' title='bbox 1594 598 1626 625; x_wconf 91' lang='lat' dir='ltr'><strong>ad</strong></span> <span class='ocrx_word' id='word_1_388' title='bbox 1658 607 1705 626; x_wconf 85' lang='lat' dir='ltr'><strong>co-</strong></span> 
     </span>
    </p>
   </div>
   <div class='ocr_carea' id='block_1_55' title="bbox 916 640 1706 678">
    <p class='ocr_par' dir='ltr' id='par_1_55' title="bbox 916 640 1706 678">
     <span class='ocr_line' id='line_1_55' title="bbox 916 640 1706 678; baseline 0.006 -11"><span class='ocrx_word' id='word_1_389' title='bbox 916 645 996 668; x_wconf 81' lang='lat' dir='ltr'><strong>natus</strong></span> <span class='ocrx_word' id='word_1_390' title='bbox 1010 640 1149 668; x_wconf 80' lang='lat' dir='ltr'><strong>circenses</strong></span> <span class='ocrx_word' id='word_1_391' title='bbox 1167 644 1346 678; x_wconf 89' lang='lat' dir='ltr'><strong>martiosque,</strong></span> <span class='ocrx_word' id='word_1_392' title='bbox 1362 651 1415 670; x_wconf 93' lang='lat' dir='ltr'><strong>non</strong></span> <span class='ocrx_word' id='word_1_393' title='bbox 1430 643 1512 670; x_wconf 89' lang='lat' dir='ltr'><strong>modo</strong></span> <span class='ocrx_word' id='word_1_394' title='bbox 1526 651 1555 671; x_wconf 88' lang='lat' dir='ltr'><strong>se</strong></span> <span class='ocrx_word' id='word_1_395' title='bbox 1570 644 1596 671; x_wconf 92' lang='lat' dir='ltr'><strong>in</strong></span> <span class='ocrx_word' id='word_1_396' title='bbox 1613 649 1706 678; x_wconf 78' lang='lat' dir='ltr'><strong>poste-</strong></span> 
     </span>
    </p>
   </div>
   <div class='ocr_carea' id='block_1_56' title="bbox 916 687 1704 726">
    <p class='ocr_par' dir='ltr' id='par_1_56' title="bbox 916 687 1704 726">
     <span class='ocr_line' id='line_1_56' title="bbox 916 687 1704 726; baseline 0.005 -12"><span class='ocrx_word' id='word_1_397' title='bbox 916 687 1003 715; x_wconf 88' lang='lat' dir='ltr'><strong>riores</strong></span> <span class='ocrx_word' id='word_1_398' title='bbox 1042 688 1159 723; x_wconf 71' lang='lat' dir='ltr'><strong>ungulas</strong></span> <span class='ocrx_word' id='word_1_399' title='bbox 1197 689 1303 721; x_wconf 77' lang='lat' dir='ltr'><strong>erexit,</strong></span> <span class='ocrx_word' id='word_1_400' title='bbox 1344 697 1438 716; x_wconf 83' lang='lat' dir='ltr'><strong>verum</strong></span> <span class='ocrx_word' id='word_1_401' title='bbox 1479 691 1561 718; x_wconf 77' lang='lat' dir='ltr'><strong>etiarn</strong></span> <span class='ocrx_word' id='word_1_402' title='bbox 1603 691 1704 726; x_wconf 69' lang='lat' dir='ltr'><strong>impetu</strong></span> 
     </span>
    </p>
   </div>
   <div class='ocr_carea' id='block_1_57' title="bbox 916 735 1703 772">
    <p class='ocr_par' dir='ltr' id='par_1_57' title="bbox 916 735 1703 772">
     <span class='ocr_line' id='line_1_57' title="bbox 916 735 1703 772; baseline 0.004 -12"><span class='ocrx_word' id='word_1_403' title='bbox 916 739 1062 770; x_wconf 86' lang='lat' dir='ltr'><strong>concepto,</strong></span> <span class='ocrx_word' id='word_1_404' title='bbox 1074 735 1173 763; x_wconf 90' lang='lat' dir='ltr'><strong>saltum</strong></span> <span class='ocrx_word' id='word_1_405' title='bbox 1185 735 1344 769; x_wconf 79' lang='lat' dir='ltr'><strong>expediens,</strong></span> <span class='ocrx_word' id='word_1_406' title='bbox 1360 744 1420 763; x_wconf 80' lang='lat' dir='ltr'><strong>sese</strong></span> <span class='ocrx_word' id='word_1_407' title='bbox 1431 737 1607 772; x_wconf 82' lang='lat' dir='ltr'><strong>equitemque</strong></span> <span class='ocrx_word' id='word_1_408' title='bbox 1621 746 1703 767; x_wconf 85' lang='lat' dir='ltr'><strong>suum</strong></span> 
     </span>
    </p>
   </div>
   <div class='ocr_carea' id='block_1_58' title="bbox 917 782 1705 818">
    <p class='ocr_par' dir='ltr' id='par_1_58' title="bbox 917 782 1705 818">
     <span class='ocr_line' id='line_1_58' title="bbox 917 782 1705 818; baseline 0.004 -10"><span class='ocrx_word' id='word_1_409' title='bbox 917 782 943 809; x_wconf 92' lang='lat' dir='ltr'><strong>in</strong></span> <span class='ocrx_word' id='word_1_410' title='bbox 963 787 1045 816; x_wconf 77' lang='lat' dir='ltr'><strong>petrze</strong></span> <span class='ocrx_word' id='word_1_411' title='bbox 1061 783 1226 817; x_wconf 75' lang='lat' dir='ltr'><strong>adiacentis,</strong></span> <span class='ocrx_word' id='word_1_412' title='bbox 1240 784 1319 818; x_wconf 81' lang='lat' dir='ltr'><strong>cujus</strong></span> <span class='ocrx_word' id='word_1_413' title='bbox 1337 785 1420 814; x_wconf 86' lang='lat' dir='ltr'><strong>modo</strong></span> <span class='ocrx_word' id='word_1_414' title='bbox 1437 785 1626 817; x_wconf 87' lang='lat' dir='ltr'><strong>meminimus,</strong></span> <span class='ocrx_word' id='word_1_415' title='bbox 1643 793 1705 811; x_wconf 79' lang='lat' dir='ltr'><strong>vcr-</strong></span> 
     </span>
    </p>
   </div>
   <div class='ocr_carea' id='block_1_59' title="bbox 918 827 1703 864">
    <p class='ocr_par' dir='ltr' id='par_1_59' title="bbox 918 827 1703 864">
     <span class='ocr_line' id='line_1_59' title="bbox 918 827 1703 864; baseline 0.004 -10"><span class='ocrx_word' id='word_1_416' title='bbox 918 827 997 855; x_wconf 85' lang='lat' dir='ltr'><strong>ticem</strong></span> <span class='ocrx_word' id='word_1_417' title='bbox 1025 829 1110 856; x_wconf 88' lang='lat' dir='ltr'><strong>instar</strong></span> <span class='ocrx_word' id='word_1_418' title='bbox 1140 829 1234 864; x_wconf 74' lang='lat' dir='ltr'><strong>Pegasi</strong></span> <span class='ocrx_word' id='word_1_419' title='bbox 1265 831 1408 864; x_wconf 76' lang='lat' dir='ltr'><strong>cujusdam</strong></span> <span class='ocrx_word' id='word_1_420' title='bbox 1441 831 1562 860; x_wconf 83' lang='lat' dir='ltr'><strong>volucris</strong></span> <span class='ocrx_word' id='word_1_421' title='bbox 1593 832 1703 859; x_wconf 77' lang='lat' dir='ltr'><strong>extulit.</strong></span> 
     </span>
    </p>
   </div>
   <div class='ocr_carea' id='block_1_60' title="bbox 916 874 1704 911">
    <p class='ocr_par' dir='ltr' id='par_1_60' title="bbox 916 874 1704 911">
     <span class='ocr_line' id='line_1_60' title="bbox 916 874 1704 911; baseline 0.005 -11"><span class='ocrx_word' id='word_1_422' title='bbox 916 874 1064 902; x_wconf 83' lang='lat' dir='ltr'><strong>Dicebatur</strong></span> <span class='ocrx_word' id='word_1_423' title='bbox 1091 874 1114 903; x_wconf 97' lang='lat' dir='ltr'><strong>is</strong></span> <span class='ocrx_word' id='word_1_424' title='bbox 1132 884 1221 909; x_wconf 89' lang='lat' dir='ltr'><strong>equus</strong></span> <span class='ocrx_word' id='word_1_425' title='bbox 1237 875 1376 909; x_wconf 83' lang='lat' dir='ltr'><strong>Gnritzes,</strong></span> <span class='ocrx_word' id='word_1_426' title='bbox 1401 878 1474 911; x_wconf 83' lang='lat' dir='ltr'><strong>quod</strong></span> <span class='ocrx_word' id='word_1_427' title='bbox 1503 886 1603 906; x_wconf 83' lang='lat' dir='ltr'><strong>nomen</strong></span> <span class='ocrx_word' id='word_1_428' title='bbox 1626 885 1704 905; x_wconf 88' lang='lat' dir='ltr'><strong>acce-</strong></span> 
     </span>
    </p>
   </div>
   <div class='ocr_carea' id='block_1_61' title="bbox 914 919 1704 958">
    <p class='ocr_par' dir='ltr' id='par_1_61' title="bbox 914 919 1704 958">
     <span class='ocr_line' id='line_1_61' title="bbox 914 919 1704 958; baseline 0.005 -12"><span class='ocrx_word' id='word_1_429' title='bbox 914 925 992 955; x_wconf 85' lang='lat' dir='ltr'><strong>perat</strong></span> <span class='ocrx_word' id='word_1_430' title='bbox 1007 927 1021 946; x_wconf 87' lang='lat' dir='ltr'><strong>a</strong></span> <span class='ocrx_word' id='word_1_431' title='bbox 1041 919 1124 954; x_wconf 89' lang='lat' dir='ltr'><strong>priori</strong></span> <span class='ocrx_word' id='word_1_432' title='bbox 1144 920 1255 948; x_wconf 89' lang='lat' dir='ltr'><strong>domino</strong></span> <span class='ocrx_word' id='word_1_433' title='bbox 1275 921 1421 957; x_wconf 83' lang='lat' dir='ltr'><strong>Bryennio.</strong></span> <span class='ocrx_word' id='word_1_434' title='bbox 1435 923 1484 950; x_wconf 90' lang='lat' dir='ltr'><strong>llic</strong></span> <span class='ocrx_word' id='word_1_435' title='bbox 1499 923 1571 950; x_wconf 87' lang='lat' dir='ltr'><strong>enitn</strong></span> <span class='ocrx_word' id='word_1_436' title='bbox 1589 923 1648 958; x_wconf 88' lang='lat' dir='ltr'><strong>ipse</strong></span> <span class='ocrx_word' id='word_1_437' title='bbox 1661 927 1704 950; x_wconf 85' lang='lat' dir='ltr'><strong>est</strong></span> 
     </span>
    </p>
   </div>
   <div class='ocr_carea' id='block_1_62' title="bbox 915 966 1702 1005">
    <p class='ocr_par' dir='ltr' id='par_1_62' title="bbox 915 966 1702 1005">
     <span class='ocr_line' id='line_1_62' title="bbox 915 966 1702 1005; baseline 0.006 -13"><span class='ocrx_word' id='word_1_438' title='bbox 915 973 994 1001; x_wconf 92' lang='lat' dir='ltr'><strong>quem</strong></span> <span class='ocrx_word' id='word_1_439' title='bbox 1012 966 1168 999; x_wconf 64' lang='lat' dir='ltr'><strong>insignibus</strong></span> <span class='ocrx_word' id='word_1_440' title='bbox 1184 967 1375 1002; x_wconf 78' lang='lat' dir='ltr'><strong>imperialibus</strong></span> <span class='ocrx_word' id='word_1_441' title='bbox 1392 977 1423 997; x_wconf 88' lang='lat' dir='ltr'><strong>ac</strong></span> <span class='ocrx_word' id='word_1_442' title='bbox 1437 970 1584 1005; x_wconf 80' lang='lat' dir='ltr'><strong>purpureis</strong></span> <span class='ocrx_word' id='word_1_443' title='bbox 1608 970 1702 1005; x_wconf 86' lang='lat' dir='ltr'><strong>phale-</strong></span> 
     </span>
    </p>
   </div>
   <div class='ocr_carea' id='block_1_63' title="bbox 914 1011 1716 1051">
    <p class='ocr_par' dir='ltr' id='par_1_63' title="bbox 914 1011 1716 1051">
     <span class='ocr_line' id='line_1_63' title="bbox 914 1011 1716 1051; baseline 0.004 -13"><span class='ocrx_word' id='word_1_444' title='bbox 914 1012 953 1051; x_wconf 77' lang='lat' dir='ltr'><strong>ris</strong></span> <span class='ocrx_word' id='word_1_445' title='bbox 968 1017 1093 1039; x_wconf 85' lang='lat' dir='ltr'><strong>ornatum</strong></span> <span class='ocrx_word' id='word_1_446' title='bbox 1111 1011 1224 1040; x_wconf 81' lang='lat' dir='ltr'><strong>Alcxius</strong></span> <span class='ocrx_word' id='word_1_447' title='bbox 1249 1013 1274 1040; x_wconf 93' lang='lat' dir='ltr'><strong>in</strong></span> <span class='ocrx_word' id='word_1_448' title='bbox 1294 1014 1386 1049; x_wconf 72' lang='lat' dir='ltr'><strong>prmlio</strong></span> <span class='ocrx_word' id='word_1_449' title='bbox 1401 1018 1498 1041; x_wconf 89' lang='lat' dir='ltr'><strong>contra</strong></span> <span class='ocrx_word' id='word_1_450' title='bbox 1524 1014 1716 1050; x_wconf 32' lang='lat' dir='ltr'><strong>Bryenniutnh</strong></span> 
     </span>
    </p>
   </div>
   <div class='ocr_carea' id='block_1_64' title="bbox 915 1057 1703 1097">
    <p class='ocr_par' dir='ltr' id='par_1_64' title="bbox 915 1057 1703 1097">
     <span class='ocr_line' id='line_1_64' title="bbox 915 1057 1703 1097; baseline 0.01 -14"><span class='ocrx_word' id='word_1_451' title='bbox 915 1057 1066 1093; x_wconf 88' lang='lat' dir='ltr'><strong>imperante</strong></span> <span class='ocrx_word' id='word_1_452' title='bbox 1084 1058 1174 1086; x_wconf 82' lang='lat' dir='ltr'><strong>adhuc</strong></span> <span class='ocrx_word' id='word_1_453' title='bbox 1189 1058 1330 1087; x_wconf 82' lang='lat' dir='ltr'><strong>Botaniate</strong></span> <span class='ocrx_word' id='word_1_454' title='bbox 1344 1060 1508 1096; x_wconf 86' lang='lat' dir='ltr'><strong>Nicephoro,</strong></span> <span class='ocrx_word' id='word_1_455' title='bbox 1530 1066 1560 1089; x_wconf 89' lang='lat' dir='ltr'><strong>ut</strong></span> <span class='ocrx_word' id='word_1_456' title='bbox 1575 1063 1703 1097; x_wconf 84' lang='lat' dir='ltr'><strong>superius</strong></span> 
     </span>
    </p>
   </div>
   <div class='ocr_carea' id='block_1_65' title="bbox 915 1104 1703 1143">
    <p class='ocr_par' dir='ltr' id='par_1_65' title="bbox 915 1104 1703 1143">
     <span class='ocr_line' id='line_1_65' title="bbox 915 1104 1703 1143; baseline 0.008 -13"><span class='ocrx_word' id='word_1_457' title='bbox 915 1105 1098 1136; x_wconf 82' lang='lat' dir='ltr'><strong>narravimus,</strong></span> <span class='ocrx_word' id='word_1_458' title='bbox 1111 1111 1231 1140; x_wconf 90' lang='lat' dir='ltr'><strong>ceperat.</strong></span> <span class='ocrx_word' id='word_1_459' title='bbox 1258 1104 1392 1134; x_wconf 69' lang='lat' dir='ltr'><strong>Caeterum</strong></span> <span class='ocrx_word' id='word_1_460' title='bbox 1409 1113 1629 1142; x_wconf 71' lang='lat' dir='ltr'><strong>quantaecunque</strong></span> <span class='ocrx_word' id='word_1_461' title='bbox 1642 1109 1703 1143; x_wconf 84' lang='lat' dir='ltr'><strong>ejus</strong></span> 
     </span>
    </p>
   </div>
   <div class='ocr_carea' id='block_1_66' title="bbox 914 1150 1702 1190">
    <p class='ocr_par' dir='ltr' id='par_1_66' title="bbox 914 1150 1702 1190">
     <span class='ocr_line' id='line_1_66' title="bbox 914 1150 1702 1190; baseline 0.005 -14"><span class='ocrx_word' id='word_1_462' title='bbox 914 1151 976 1184; x_wconf 93' lang='lat' dir='ltr'><strong>equi</strong></span> <span class='ocrx_word' id='word_1_463' title='bbox 993 1150 1066 1177; x_wconf 90' lang='lat' dir='ltr'><strong>vires</strong></span> <span class='ocrx_word' id='word_1_464' title='bbox 1082 1155 1172 1182; x_wconf 86' lang='lat' dir='ltr'><strong>erant,</strong></span> <span class='ocrx_word' id='word_1_465' title='bbox 1189 1159 1363 1187; x_wconf 84' lang='lat' dir='ltr'><strong>nequaquam</strong></span> <span class='ocrx_word' id='word_1_466' title='bbox 1388 1152 1414 1178; x_wconf 90' lang='lat' dir='ltr'><strong>id</strong></span> <span class='ocrx_word' id='word_1_467' title='bbox 1441 1154 1502 1180; x_wconf 86' lang='lat' dir='ltr'><strong>sine</strong></span> <span class='ocrx_word' id='word_1_468' title='bbox 1518 1153 1617 1182; x_wconf 77' lang='lat' dir='ltr'><strong>divina:</strong></span> <span class='ocrx_word' id='word_1_469' title='bbox 1638 1163 1702 1190; x_wconf 75' lang='lat' dir='ltr'><strong>erga</strong></span> 
     </span>
    </p>
   </div>
   <div class='ocr_carea' id='block_1_67' title="bbox 914 1195 1703 1233">
    <p class='ocr_par' dir='ltr' id='par_1_67' title="bbox 914 1195 1703 1233">
     <span class='ocr_line' id='line_1_67' title="bbox 914 1195 1703 1233; baseline 0.008 -12"><span class='ocrx_word' id='word_1_470' title='bbox 914 1195 1041 1223; x_wconf 82' lang='lat' dir='ltr'><strong>Alexium</strong></span> <span class='ocrx_word' id='word_1_471' title='bbox 1070 1197 1249 1231; x_wconf 76' lang='lat' dir='ltr'><strong>providentia:</strong></span> <span class='ocrx_word' id='word_1_472' title='bbox 1274 1199 1404 1233; x_wconf 69' lang='lat' dir='ltr'><strong>praesenti</strong></span> <span class='ocrx_word' id='word_1_473' title='bbox 1431 1207 1483 1233; x_wconf 89' lang='lat' dir='ltr'><strong>ope</strong></span> <span class='ocrx_word' id='word_1_474' title='bbox 1517 1200 1703 1233; x_wconf 86' lang='lat' dir='ltr'><strong>miraculoque</strong></span> 
     </span>
    </p>
   </div>
   <div class='ocr_carea' id='block_1_68' title="bbox 916 1242 1703 1279">
    <p class='ocr_par' dir='ltr' id='par_1_68' title="bbox 916 1242 1703 1279">
     <span class='ocr_line' id='line_1_68' title="bbox 916 1242 1703 1279; baseline 0.008 -12"><span class='ocrx_word' id='word_1_475' title='bbox 916 1242 1064 1269; x_wconf 86' lang='lat' dir='ltr'><strong>manifesto</strong></span> <span class='ocrx_word' id='word_1_476' title='bbox 1080 1243 1202 1277; x_wconf 86' lang='lat' dir='ltr'><strong>potuisse</strong></span> <span class='ocrx_word' id='word_1_477' title='bbox 1231 1248 1296 1271; x_wconf 91' lang='lat' dir='ltr'><strong>tunc</strong></span> <span class='ocrx_word' id='word_1_478' title='bbox 1314 1244 1425 1279; x_wconf 86' lang='lat' dir='ltr'><strong>quidem</strong></span> <span class='ocrx_word' id='word_1_479' title='bbox 1447 1245 1523 1272; x_wconf 76' lang='lat' dir='ltr'><strong>risus</strong></span> <span class='ocrx_word' id='word_1_480' title='bbox 1542 1250 1596 1273; x_wconf 84' lang='lat' dir='ltr'><strong>est.</strong></span> <span class='ocrx_word' id='word_1_481' title='bbox 1613 1245 1703 1273; x_wconf 69' lang='lat' dir='ltr'><strong>llastte</strong></span> 
     </span>
    </p>
   </div>
   <div class='ocr_carea' id='block_1_69' title="bbox 914 1287 1703 1325">
    <p class='ocr_par' dir='ltr' id='par_1_69' title="bbox 914 1287 1703 1325">
     <span class='ocr_line' id='line_1_69' title="bbox 914 1287 1703 1325; baseline 0.008 -12"><span class='ocrx_word' id='word_1_482' title='bbox 914 1295 999 1322; x_wconf 89' lang='lat' dir='ltr'><strong>porro</strong></span> <span class='ocrx_word' id='word_1_483' title='bbox 1012 1287 1213 1322; x_wconf 85' lang='lat' dir='ltr'><strong>Barbarorum,</strong></span> <span class='ocrx_word' id='word_1_484' title='bbox 1236 1291 1333 1324; x_wconf 85' lang='lat' dir='ltr'><strong>partim</strong></span> <span class='ocrx_word' id='word_1_485' title='bbox 1353 1291 1412 1325; x_wconf 86' lang='lat' dir='ltr'><strong>ipso</strong></span> <span class='ocrx_word' id='word_1_486' title='bbox 1432 1291 1532 1325; x_wconf 87' lang='lat' dir='ltr'><strong>equilis</strong></span> <span class='ocrx_word' id='word_1_487' title='bbox 1550 1299 1630 1324; x_wconf 78' lang='lat' dir='ltr'><strong>quem</strong></span> <span class='ocrx_word' id='word_1_488' title='bbox 1658 1300 1703 1319; x_wconf 81' lang='lat' dir='ltr'><strong>ur-</strong></span> 
     </span>
    </p>
   </div>
   <div class='ocr_carea' id='block_1_70' title="bbox 915 1334 1704 1371">
    <p class='ocr_par' dir='ltr' id='par_1_70' title="bbox 915 1334 1704 1371">
     <span class='ocr_line' id='line_1_70' title="bbox 915 1334 1704 1371; baseline 0.006 -11"><span class='ocrx_word' id='word_1_489' title='bbox 915 1334 1013 1368; x_wconf 77' lang='lat' dir='ltr'><strong>gebant</strong></span> <span class='ocrx_word' id='word_1_490' title='bbox 1026 1335 1161 1362; x_wconf 73' lang='lat' dir='ltr'><strong>CVulanlis</strong></span> <span class='ocrx_word' id='word_1_491' title='bbox 1175 1335 1278 1371; x_wconf 88' lang='lat' dir='ltr'><strong>impetu</strong></span> <span class='ocrx_word' id='word_1_492' title='bbox 1291 1344 1414 1364; x_wconf 62' lang='lat' dir='ltr'><strong>excussas</strong></span> <span class='ocrx_word' id='word_1_493' title='bbox 1424 1337 1456 1364; x_wconf 89' lang='lat' dir='ltr'><strong>de</strong></span> <span class='ocrx_word' id='word_1_494' title='bbox 1470 1338 1597 1366; x_wconf 74' lang='lat' dir='ltr'><strong>matribus</strong></span> <span class='ocrx_word' id='word_1_495' title='bbox 1609 1342 1704 1366; x_wconf 82' lang='lat' dir='ltr'><strong>tenen-</strong></span> 
     </span>
    </p>
   </div>
   <div class='ocr_carea' id='block_1_71' title="bbox 914 1379 1703 1418">
    <p class='ocr_par' dir='ltr' id='par_1_71' title="bbox 914 1379 1703 1418">
     <span class='ocr_line' id='line_1_71' title="bbox 914 1379 1703 1418; baseline 0.009 -13"><span class='ocrx_word' id='word_1_496' title='bbox 914 1379 982 1405; x_wconf 90' lang='lat' dir='ltr'><strong>tium</strong></span> <span class='ocrx_word' id='word_1_497' title='bbox 1008 1379 1184 1414; x_wconf 68' lang='lat' dir='ltr'><strong>dilexerunt,</strong></span> <span class='ocrx_word' id='word_1_498' title='bbox 1215 1381 1314 1416; x_wconf 87' lang='lat' dir='ltr'><strong>partim</strong></span> <span class='ocrx_word' id='word_1_499' title='bbox 1342 1382 1434 1408; x_wconf 63' lang='lat' dir='ltr'><strong>inlisa:</strong></span> <span class='ocrx_word' id='word_1_500' title='bbox 1461 1383 1545 1410; x_wconf 73' lang='lat' dir='ltr'><strong>variis</strong></span> <span class='ocrx_word' id='word_1_501' title='bbox 1577 1384 1703 1418; x_wconf 80' lang='lat' dir='ltr'><strong>partibus</strong></span> 
     </span>
    </p>
   </div>
   <div class='ocr_carea' id='block_1_72' title="bbox 914 1424 1702 1462">
    <p class='ocr_par' dir='ltr' id='par_1_72' title="bbox 914 1424 1702 1462">
     <span class='ocr_line' id='line_1_72' title="bbox 914 1424 1702 1462; baseline 0.009 -12"><span class='ocrx_word' id='word_1_502' title='bbox 914 1424 1155 1458; x_wconf 79' lang='lat' dir='ltr'><strong>imperatoriarum</strong></span> <span class='ocrx_word' id='word_1_503' title='bbox 1177 1427 1293 1454; x_wconf 83' lang='lat' dir='ltr'><strong>vestium</strong></span> <span class='ocrx_word' id='word_1_504' title='bbox 1311 1427 1400 1462; x_wconf 84' lang='lat' dir='ltr'><strong>ipsum</strong></span> <span class='ocrx_word' id='word_1_505' title='bbox 1427 1427 1620 1462; x_wconf 86' lang='lat' dir='ltr'><strong>imperatorem</strong></span> <span class='ocrx_word' id='word_1_506' title='bbox 1642 1438 1702 1458; x_wconf 74' lang='lat' dir='ltr'><strong>sese</strong></span> 
     </span>
    </p>
   </div>
   <div class='ocr_carea' id='block_1_73' title="bbox 914 1470 1700 1509">
    <p class='ocr_par' dir='ltr' id='par_1_73' title="bbox 914 1470 1700 1509">
     <span class='ocr_line' id='line_1_73' title="bbox 914 1470 1700 1509; baseline 0.008 -13"><span class='ocrx_word' id='word_1_507' title='bbox 914 1470 941 1497; x_wconf 90' lang='lat' dir='ltr'><strong>in</strong></span> <span class='ocrx_word' id='word_1_508' title='bbox 957 1471 1041 1497; x_wconf 84' lang='lat' dir='ltr'><strong>altum</strong></span> <span class='ocrx_word' id='word_1_509' title='bbox 1060 1470 1232 1506; x_wconf 78' lang='lat' dir='ltr'><strong>efferentem,</strong></span> <span class='ocrx_word' id='word_1_510' title='bbox 1260 1473 1323 1506; x_wconf 88' lang='lat' dir='ltr'><strong>equi</strong></span> <span class='ocrx_word' id='word_1_511' title='bbox 1351 1473 1481 1501; x_wconf 78' lang='lat' dir='ltr'><strong>similiter</strong></span> <span class='ocrx_word' id='word_1_512' title='bbox 1507 1479 1590 1509; x_wconf 75' lang='lat' dir='ltr'><strong>raptae</strong></span> <span class='ocrx_word' id='word_1_513' title='bbox 1617 1476 1700 1507; x_wconf 84' lang='lat' dir='ltr'><strong>saltu,</strong></span> 
     </span>
    </p>
   </div>
   <div class='ocr_carea' id='block_1_74' title="bbox 913 1517 1701 1555">
    <p class='ocr_par' dir='ltr' id='par_1_74' title="bbox 913 1517 1701 1555">
     <span class='ocr_line' id='line_1_74' title="bbox 913 1517 1701 1555; baseline 0.006 -12"><span class='ocrx_word' id='word_1_514' title='bbox 913 1521 1068 1544; x_wconf 77' lang='lat' dir='ltr'><strong>consecuta:</strong></span> <span class='ocrx_word' id='word_1_515' title='bbox 1089 1521 1164 1545; x_wconf 82' lang='lat' dir='ltr'><strong>sunt.</strong></span> <span class='ocrx_word' id='word_1_516' title='bbox 1180 1517 1255 1554; x_wconf 82' lang='lat' dir='ltr'><strong>Quas</strong></span> <span class='ocrx_word' id='word_1_517' title='bbox 1270 1518 1363 1546; x_wconf 85' lang='lat' dir='ltr'><strong>statim</strong></span> <span class='ocrx_word' id='word_1_518' title='bbox 1393 1518 1534 1554; x_wconf 81' lang='lat' dir='ltr'><strong>Augustus</strong></span> <span class='ocrx_word' id='word_1_519' title='bbox 1551 1527 1613 1547; x_wconf 91' lang='lat' dir='ltr'><strong>cum</strong></span> <span class='ocrx_word' id='word_1_520' title='bbox 1635 1520 1701 1555; x_wconf 79' lang='lat' dir='ltr'><strong>ipsis</strong></span> 
     </span>
    </p>
   </div>
   <div class='ocr_carea' id='block_1_75' title="bbox 913 1563 1701 1602">
    <p class='ocr_par' dir='ltr' id='par_1_75' title="bbox 913 1563 1701 1602">
     <span class='ocr_line' id='line_1_75' title="bbox 913 1563 1701 1602; baseline 0.004 -13"><span class='ocrx_word' id='word_1_521' title='bbox 913 1563 985 1589; x_wconf 86' lang='lat' dir='ltr'><strong>unde</strong></span> <span class='ocrx_word' id='word_1_522' title='bbox 1005 1563 1162 1597; x_wconf 90' lang='lat' dir='ltr'><strong>pendebant</strong></span> <span class='ocrx_word' id='word_1_523' title='bbox 1177 1565 1294 1592; x_wconf 79' lang='lat' dir='ltr'><strong>veSIium</strong></span> <span class='ocrx_word' id='word_1_524' title='bbox 1313 1565 1421 1594; x_wconf 82' lang='lat' dir='ltr'><strong>laciniis</strong></span> <span class='ocrx_word' id='word_1_525' title='bbox 1435 1566 1565 1593; x_wconf 82' lang='lat' dir='ltr'><strong>abseidit.</strong></span> <span class='ocrx_word' id='word_1_526' title='bbox 1584 1566 1701 1602; x_wconf 78' lang='lat' dir='ltr'><strong>Moxque</strong></span> 
     </span>
    </p>
   </div>
   <div class='ocr_carea' id='block_1_76' title="bbox 913 1609 1701 1645">
    <p class='ocr_par' dir='ltr' id='par_1_76' title="bbox 913 1609 1701 1645">
     <span class='ocr_line' id='line_1_76' title="bbox 913 1609 1701 1645; baseline 0.008 -11"><span class='ocrx_word' id='word_1_527' title='bbox 913 1609 986 1635; x_wconf 86' lang='lat' dir='ltr'><strong>nulla</strong></span> <span class='ocrx_word' id='word_1_528' title='bbox 1014 1610 1222 1644; x_wconf 86' lang='lat' dir='ltr'><strong>perturbatione</strong></span> <span class='ocrx_word' id='word_1_529' title='bbox 1251 1611 1352 1639; x_wconf 81' lang='lat' dir='ltr'><strong>mentis</strong></span> <span class='ocrx_word' id='word_1_530' title='bbox 1383 1611 1411 1638; x_wconf 91' lang='lat' dir='ltr'><strong>in</strong></span> <span class='ocrx_word' id='word_1_531' title='bbox 1440 1613 1522 1640; x_wconf 85' lang='lat' dir='ltr'><strong>tantis</strong></span> <span class='ocrx_word' id='word_1_532' title='bbox 1539 1613 1635 1645; x_wconf 72' lang='lat' dir='ltr'><strong>malis,</strong></span> <span class='ocrx_word' id='word_1_533' title='bbox 1655 1618 1701 1640; x_wconf 87' lang='lat' dir='ltr'><strong>aut</strong></span> 
     </span>
    </p>
   </div>
   <div class='ocr_carea' id='block_1_77' title="bbox 911 1655 1701 1694">
    <p class='ocr_par' dir='ltr' id='par_1_77' title="bbox 911 1655 1701 1694">
     <span class='ocr_line' id='line_1_77' title="bbox 911 1655 1701 1694; baseline 0.006 -12"><span class='ocrx_word' id='word_1_534' title='bbox 911 1655 1021 1682; x_wconf 88' lang='lat' dir='ltr'><strong>turbida</strong></span> <span class='ocrx_word' id='word_1_535' title='bbox 1051 1656 1247 1683; x_wconf 89' lang='lat' dir='ltr'><strong>incertitudine</strong></span> <span class='ocrx_word' id='word_1_536' title='bbox 1282 1657 1404 1690; x_wconf 81' lang='lat' dir='ltr'><strong>consilii,</strong></span> <span class='ocrx_word' id='word_1_537' title='bbox 1433 1658 1527 1686; x_wconf 88' lang='lat' dir='ltr'><strong>statim</strong></span> <span class='ocrx_word' id='word_1_538' title='bbox 1552 1659 1701 1694; x_wconf 79' lang='lat' dir='ltr'><strong>expediens</strong></span> 
     </span>
    </p>
   </div>
   <div class='ocr_carea' id='block_1_78' title="bbox 911 1701 1701 1740">
    <p class='ocr_par' dir='ltr' id='par_1_78' title="bbox 911 1701 1701 1740">
     <span class='ocr_line' id='line_1_78' title="bbox 911 1701 1701 1740; baseline 0.008 -13"><span class='ocrx_word' id='word_1_539' title='bbox 911 1701 977 1736; x_wconf 86' lang='lat' dir='ltr'><strong>quid</strong></span> <span class='ocrx_word' id='word_1_540' title='bbox 993 1701 1064 1729; x_wconf 85' lang='lat' dir='ltr'><strong>facto</strong></span> <span class='ocrx_word' id='word_1_541' title='bbox 1079 1707 1153 1729; x_wconf 81' lang='lat' dir='ltr'><strong>esset</strong></span> <span class='ocrx_word' id='word_1_542' title='bbox 1180 1710 1259 1737; x_wconf 83' lang='lat' dir='ltr'><strong>opus,</strong></span> <span class='ocrx_word' id='word_1_543' title='bbox 1287 1711 1316 1730; x_wconf 84' lang='lat' dir='ltr'><strong>se</strong></span> <span class='ocrx_word' id='word_1_544' title='bbox 1342 1703 1506 1731; x_wconf 84' lang='lat' dir='ltr'><strong>mirabiliter</strong></span> <span class='ocrx_word' id='word_1_545' title='bbox 1532 1705 1594 1733; x_wconf 90' lang='lat' dir='ltr'><strong>inde</strong></span> <span class='ocrx_word' id='word_1_546' title='bbox 1614 1707 1701 1740; x_wconf 87' lang='lat' dir='ltr'><strong>prori-</strong></span> 
     </span>
    </p>
   </div>
   <div class='ocr_carea' id='block_1_79' title="bbox 911 1747 1700 1784">
    <p class='ocr_par' dir='ltr' id='par_1_79' title="bbox 911 1747 1700 1784">
     <span class='ocr_line' id='line_1_79' title="bbox 911 1747 1700 1784; baseline 0.006 -11"><span class='ocrx_word' id='word_1_547' title='bbox 911 1748 987 1782; x_wconf 89' lang='lat' dir='ltr'><strong>puit:</strong></span> <span class='ocrx_word' id='word_1_548' title='bbox 1003 1747 1088 1775; x_wconf 85' lang='lat' dir='ltr'><strong>Gallis</strong></span> <span class='ocrx_word' id='word_1_549' title='bbox 1101 1748 1240 1775; x_wconf 84' lang='lat' dir='ltr'><strong>inhianter</strong></span> <span class='ocrx_word' id='word_1_550' title='bbox 1248 1748 1352 1776; x_wconf 92' lang='lat' dir='ltr'><strong>circum</strong></span> <span class='ocrx_word' id='word_1_551' title='bbox 1365 1750 1598 1784; x_wconf 83' lang='lat' dir='ltr'><strong>suspectautibus,</strong></span> <span class='ocrx_word' id='word_1_552' title='bbox 1610 1751 1700 1779; x_wconf 87' lang='lat' dir='ltr'><strong>incre-</strong></span> 
     </span>
    </p>
   </div>
   <div class='ocr_carea' id='block_1_80' title="bbox 910 1793 1698 1831">
    <p class='ocr_par' dir='ltr' id='par_1_80' title="bbox 910 1793 1698 1831">
     <span class='ocr_line' id='line_1_80' title="bbox 910 1793 1698 1831; baseline 0.006 -11"><span class='ocrx_word' id='word_1_553' title='bbox 910 1793 1043 1829; x_wconf 91' lang='lat' dir='ltr'><strong>dibilique</strong></span> <span class='ocrx_word' id='word_1_554' title='bbox 1056 1797 1167 1828; x_wconf 87' lang='lat' dir='ltr'><strong>stupore</strong></span> <span class='ocrx_word' id='word_1_555' title='bbox 1184 1794 1328 1829; x_wconf 87' lang='lat' dir='ltr'><strong>perculsis.</strong></span> <span class='ocrx_word' id='word_1_556' title='bbox 1344 1794 1376 1821; x_wconf 88' lang='lat' dir='ltr'><strong>Et</strong></span> <span class='ocrx_word' id='word_1_557' title='bbox 1393 1800 1452 1823; x_wconf 88' lang='lat' dir='ltr'><strong>erat</strong></span> <span class='ocrx_word' id='word_1_558' title='bbox 1466 1797 1593 1831; x_wconf 90' lang='lat' dir='ltr'><strong>stupendi</strong></span> <span class='ocrx_word' id='word_1_559' title='bbox 1603 1805 1698 1825; x_wconf 80' lang='lat' dir='ltr'><strong>causa.</strong></span> 
     </span>
    </p>
   </div>
   <div class='ocr_carea' id='block_1_81' title="bbox 911 1837 1699 1874">
    <p class='ocr_par' dir='ltr' id='par_1_81' title="bbox 911 1837 1699 1874">
     <span class='ocr_line' id='line_1_81' title="bbox 911 1837 1699 1874; baseline 0.006 -10"><span class='ocrx_word' id='word_1_560' title='bbox 911 1837 973 1865; x_wconf 78' lang='lat' dir='ltr'><strong>Mox</strong></span> <span class='ocrx_word' id='word_1_561' title='bbox 988 1838 1041 1865; x_wconf 86' lang='lat' dir='ltr'><strong>alio</strong></span> <span class='ocrx_word' id='word_1_562' title='bbox 1058 1838 1154 1873; x_wconf 91' lang='lat' dir='ltr'><strong>procul</strong></span> <span class='ocrx_word' id='word_1_563' title='bbox 1171 1838 1272 1866; x_wconf 89' lang='lat' dir='ltr'><strong>itinere</strong></span> <span class='ocrx_word' id='word_1_564' title='bbox 1292 1839 1443 1874; x_wconf 77' lang='lat' dir='ltr'><strong>fugientem</strong></span> <span class='ocrx_word' id='word_1_565' title='bbox 1470 1841 1624 1874; x_wconf 88' lang='lat' dir='ltr'><strong>conspicati</strong></span> <span class='ocrx_word' id='word_1_566' title='bbox 1641 1846 1699 1869; x_wconf 79' lang='lat' dir='ltr'><strong>toto</strong></span> 
     </span>
    </p>
   </div>
   <div class='ocr_carea' id='block_1_82' title="bbox 911 1885 1698 1921">
    <p class='ocr_par' dir='ltr' id='par_1_82' title="bbox 911 1885 1698 1921">
     <span class='ocr_line' id='line_1_82' title="bbox 911 1885 1698 1921; baseline 0.004 -9"><span class='ocrx_word' id='word_1_567' title='bbox 911 1892 1009 1912; x_wconf 88' lang='lat' dir='ltr'><strong>rursus</strong></span> <span class='ocrx_word' id='word_1_568' title='bbox 1029 1885 1214 1918; x_wconf 82' lang='lat' dir='ltr'><strong>insequuntur</strong></span> <span class='ocrx_word' id='word_1_569' title='bbox 1232 1886 1352 1920; x_wconf 86' lang='lat' dir='ltr'><strong>impetu;</strong></span> <span class='ocrx_word' id='word_1_570' title='bbox 1376 1894 1491 1921; x_wconf 88' lang='lat' dir='ltr'><strong>quorum</strong></span> <span class='ocrx_word' id='word_1_571' title='bbox 1514 1888 1630 1921; x_wconf 72' lang='lat' dir='ltr'><strong>strepilu</strong></span> <span class='ocrx_word' id='word_1_572' title='bbox 1658 1888 1698 1919; x_wconf 85' lang='lat' dir='ltr'><strong>in-</strong></span> 
     </span>
    </p>
   </div>
   <div class='ocr_carea' id='block_1_83' title="bbox 910 1931 1697 1966">
    <p class='ocr_par' dir='ltr' id='par_1_83' title="bbox 910 1931 1697 1966">
     <span class='ocr_line' id='line_1_83' title="bbox 910 1931 1697 1966; baseline 0.004 -8"><span class='ocrx_word' id='word_1_573' title='bbox 910 1931 1041 1959; x_wconf 87' lang='lat' dir='ltr'><strong>stantium</strong></span> <span class='ocrx_word' id='word_1_574' title='bbox 1068 1931 1218 1966; x_wconf 87' lang='lat' dir='ltr'><strong>imperator</strong></span> <span class='ocrx_word' id='word_1_575' title='bbox 1234 1931 1404 1964; x_wconf 85' lang='lat' dir='ltr'><strong>admonitus,</strong></span> <span class='ocrx_word' id='word_1_576' title='bbox 1422 1932 1468 1959; x_wconf 90' lang='lat' dir='ltr'><strong>ubi</strong></span> <span class='ocrx_word' id='word_1_577' title='bbox 1485 1936 1572 1960; x_wconf 84' lang='lat' dir='ltr'><strong>tracta</strong></span> <span class='ocrx_word' id='word_1_578' title='bbox 1590 1934 1615 1960; x_wconf 92' lang='lat' dir='ltr'><strong>in</strong></span> <span class='ocrx_word' id='word_1_579' title='bbox 1638 1933 1697 1961; x_wconf 90' lang='lat' dir='ltr'><strong>lon-</strong></span> 
     </span>
    </p>
   </div>
   <div class='ocr_carea' id='block_1_84' title="bbox 910 1977 1696 2014">
    <p class='ocr_par' dir='ltr' id='par_1_84' title="bbox 910 1977 1696 2014">
     <span class='ocr_line' id='line_1_84' title="bbox 910 1977 1696 2014; baseline 0.004 -10"><span class='ocrx_word' id='word_1_580' title='bbox 910 1985 973 2012; x_wconf 77' lang='lat' dir='ltr'><strong>gum</strong></span> <span class='ocrx_word' id='word_1_581' title='bbox 986 1977 1050 2013; x_wconf 75' lang='lat' dir='ltr'><strong>fuga</strong></span> <span class='ocrx_word' id='word_1_582' title='bbox 1065 1984 1180 2004; x_wconf 83' lang='lat' dir='ltr'><strong>securos</strong></span> <span class='ocrx_word' id='word_1_583' title='bbox 1195 1977 1311 2012; x_wconf 78' lang='lat' dir='ltr'><strong>periculi</strong></span> <span class='ocrx_word' id='word_1_584' title='bbox 1327 1977 1446 2005; x_wconf 85' lang='lat' dir='ltr'><strong>victores</strong></span> <span class='ocrx_word' id='word_1_585' title='bbox 1462 1977 1575 2011; x_wconf 76' lang='lat' dir='ltr'><strong>fecerat,</strong></span> <span class='ocrx_word' id='word_1_586' title='bbox 1586 1984 1696 2014; x_wconf 86' lang='lat' dir='ltr'><strong>repente</strong></span> 
     </span>
    </p>
   </div>
   <div class='ocr_carea' id='block_1_85' title="bbox 909 2023 1698 2059">
    <p class='ocr_par' dir='ltr' id='par_1_85' title="bbox 909 2023 1698 2059">
     <span class='ocr_line' id='line_1_85' title="bbox 909 2023 1698 2059; baseline 0 -7"><span class='ocrx_word' id='word_1_587' title='bbox 909 2024 997 2052; x_wconf 79' lang='lat' dir='ltr'><strong>versis</strong></span> <span class='ocrx_word' id='word_1_588' title='bbox 1022 2023 1136 2051; x_wconf 89' lang='lat' dir='ltr'><strong>habenis</strong></span> <span class='ocrx_word' id='word_1_589' title='bbox 1165 2031 1250 2051; x_wconf 89' lang='lat' dir='ltr'><strong>unum</strong></span> <span class='ocrx_word' id='word_1_590' title='bbox 1278 2024 1494 2059; x_wconf 81' lang='lat' dir='ltr'><strong>insequentium,</strong></span> <span class='ocrx_word' id='word_1_591' title='bbox 1521 2033 1600 2059; x_wconf 88' lang='lat' dir='ltr'><strong>quem</strong></span> <span class='ocrx_word' id='word_1_592' title='bbox 1628 2026 1698 2053; x_wconf 82' lang='lat' dir='ltr'><strong>forte</strong></span> 
     </span>
    </p>
   </div>
   <div class='ocr_carea' id='block_1_86' title="bbox 65 2070 804 2107">
    <p class='ocr_par' dir='ltr' id='par_1_86' title="bbox 65 2071 804 2107">
     <span class='ocr_line' id='line_1_86' title="bbox 65 2071 804 2107; baseline 0.003 -10"><span class='ocrx_word' id='word_1_593' title='bbox 65 2071 114 2098; x_wconf 78' lang='grc' dir='ltr'>καὶ</span> <span class='ocrx_word' id='word_1_594' title='bbox 124 2071 314 2106; x_wconf 75' lang='grc' dir='ltr'>γνωρίσαντες</span> <span class='ocrx_word' id='word_1_595' title='bbox 338 2071 385 2098; x_wconf 73' lang='grc' dir='ltr'><strong>τὸν</strong></span> <span class='ocrx_word' id='word_1_596' title='bbox 402 2071 497 2107; x_wconf 70' lang='grc' dir='ltr'>ἄνδρα,</span> <span class='ocrx_word' id='word_1_597' title='bbox 512 2071 660 2098; x_wconf 82' lang='grc' dir='ltr'>ἐκόπτοντο</span> <span class='ocrx_word' id='word_1_598' title='bbox 674 2071 804 2104; x_wconf 73' lang='grc' dir='ltr'>ὀλολύζον</span> 
     </span>
    </p>
   </div>
   <div class='ocr_carea' id='block_1_87' title="bbox 955 2070 1694 2107">
    <p class='ocr_par' dir='ltr' id='par_1_87' title="bbox 955 2070 1694 2104">
     <span class='ocr_line' id='line_1_87' title="bbox 955 2070 1694 2104; baseline 0.003 -6"><span class='ocrx_word' id='word_1_599' title='bbox 955 2078 1030 2098; x_wconf 90' lang='lat' dir='ltr'><strong>mum</strong></span> <span class='ocrx_word' id='word_1_600' title='bbox 1063 2070 1174 2098; x_wconf 91' lang='lat' dir='ltr'><strong>obvium</strong></span> <span class='ocrx_word' id='word_1_601' title='bbox 1203 2070 1313 2102; x_wconf 86' lang='lat' dir='ltr'><strong>habuit,</strong></span> <span class='ocrx_word' id='word_1_602' title='bbox 1349 2071 1428 2098; x_wconf 84' lang='lat' dir='ltr'><strong>basta</strong></span> <span class='ocrx_word' id='word_1_603' title='bbox 1459 2072 1694 2104; x_wconf 77' lang='lat' dir='ltr'><strong>transverberans,</strong></span> 
     </span>
    </p>
   </div>
   <div class='ocr_carea' id='block_1_88' title="bbox 70 2114 809 2152">
    <p class='ocr_par' dir='ltr' id='par_1_88' title="bbox 70 2114 809 2152">
     <span class='ocr_line' id='line_1_88' title="bbox 70 2114 809 2152; baseline -0.001 -9"><span class='ocrx_word' id='word_1_604' title='bbox 70 2116 145 2143; x_wconf 73' lang='grc' dir='ltr'>Ἀλλ’</span> <span class='ocrx_word' id='word_1_605' title='bbox 161 2118 175 2143; x_wconf 83' lang='grc' dir='ltr'><strong>ὁ</strong></span> <span class='ocrx_word' id='word_1_606' title='bbox 195 2116 365 2152; x_wconf 76' lang='grc' dir='ltr'>Ῥόμπερτος</span> <span class='ocrx_word' id='word_1_607' title='bbox 383 2117 433 2152; x_wconf 78' lang='grc' dir='ltr'>μὲν</span> <span class='ocrx_word' id='word_1_608' title='bbox 447 2116 499 2143; x_wconf 87' lang='grc' dir='ltr'><strong>οὑκ</strong></span> <span class='ocrx_word' id='word_1_609' title='bbox 513 2114 559 2151; x_wconf 82' lang='grc' dir='ltr'><strong>ἦν,</strong></span> <span class='ocrx_word' id='word_1_610' title='bbox 578 2116 671 2149; x_wconf 66' lang='grc' dir='ltr'>ἕτερος</span> <span class='ocrx_word' id='word_1_611' title='bbox 685 2116 713 2142; x_wconf 81' lang='grc' dir='ltr'><strong>δὲ</strong></span> <span class='ocrx_word' id='word_1_612' title='bbox 727 2116 781 2142; x_wconf 89' lang='grc' dir='ltr'>τῶν</span> <span class='ocrx_word' id='word_1_613' title='bbox 797 2117 809 2142; x_wconf 77' lang='grc' dir='ltr'>ὲ</span> 
     </span>
    </p>
   </div>
   <div class='ocr_carea' id='block_1_89' title="bbox 956 2114 1695 2152">
    <p class='ocr_par' dir='ltr' id='par_1_89' title="bbox 956 2116 1695 2152">
     <span class='ocr_line' id='line_1_89' title="bbox 956 2116 1695 2152; baseline 0 -8"><span class='ocrx_word' id='word_1_614' title='bbox 956 2124 1025 2144; x_wconf 74' lang='lat' dir='ltr'><strong>&#39;erso</strong></span> <span class='ocrx_word' id='word_1_615' title='bbox 1037 2120 1158 2151; x_wconf 89' lang='lat' dir='ltr'><strong>pectore,</strong></span> <span class='ocrx_word' id='word_1_616' title='bbox 1175 2116 1305 2151; x_wconf 89' lang='lat' dir='ltr'><strong>supinum</strong></span> <span class='ocrx_word' id='word_1_617' title='bbox 1318 2116 1411 2150; x_wconf 80' lang='lat' dir='ltr'><strong>dcjie&#39;u</strong></span> <span class='ocrx_word' id='word_1_618' title='bbox 1424 2117 1450 2143; x_wconf 93' lang='lat' dir='ltr'><strong>in</strong></span> <span class='ocrx_word' id='word_1_619' title='bbox 1468 2121 1582 2144; x_wconf 87' lang='lat' dir='ltr'><strong>terram.</strong></span> <span class='ocrx_word' id='word_1_620' title='bbox 1594 2117 1695 2152; x_wconf 86' lang='lat' dir='ltr'><strong>Sicque</strong></span> 
     </span>
    </p>
   </div>
   <div class='ocr_carea' id='block_1_90' title="bbox 64 2161 803 2198">
    <p class='ocr_par' dir='ltr' id='par_1_90' title="bbox 64 2162 803 2198">
     <span class='ocr_line' id='line_1_90' title="bbox 64 2162 803 2198; baseline -0.001 -9"><span class='ocrx_word' id='word_1_621' title='bbox 64 2163 162 2198; x_wconf 72' lang='grc' dir='ltr'>φανῶν</span> <span class='ocrx_word' id='word_1_622' title='bbox 179 2162 228 2189; x_wconf 75' lang='grc' dir='ltr'>καὶ</span> <span class='ocrx_word' id='word_1_623' title='bbox 241 2163 359 2190; x_wconf 83' lang='grc' dir='ltr'>ότούτου</span> <span class='ocrx_word' id='word_1_624' title='bbox 379 2163 516 2198; x_wconf 80' lang='grc' dir='ltr'>δεύτερος.</span> <span class='ocrx_word' id='word_1_625' title='bbox 549 2163 658 2189; x_wconf 84' lang='grc' dir='ltr'>Τούτων</span> <span class='ocrx_word' id='word_1_626' title='bbox 684 2162 713 2189; x_wconf 84' lang='grc' dir='ltr'><strong>δὲ</strong></span> <span class='ocrx_word' id='word_1_627' title='bbox 726 2162 803 2197; x_wconf 70' lang='grc' dir='ltr'>ἀσχο]</span> 
     </span>
    </p>
   </div>
   <div class='ocr_carea' id='block_1_91' title="bbox 954 2161 1693 2198">
    <p class='ocr_par' dir='ltr' id='par_1_91' title="bbox 954 2161 1693 2197">
     <span class='ocr_line' id='line_1_91' title="bbox 954 2161 1693 2197; baseline 0.003 -9"><span class='ocrx_word' id='word_1_628' title='bbox 954 2169 1043 2190; x_wconf 79' lang='lat' dir='ltr'><strong>ivcrso</strong></span> <span class='ocrx_word' id='word_1_629' title='bbox 1061 2163 1160 2189; x_wconf 88' lang='lat' dir='ltr'><strong>iterum</strong></span> <span class='ocrx_word' id='word_1_630' title='bbox 1173 2169 1245 2196; x_wconf 88' lang='lat' dir='ltr'><strong>equo</strong></span> <span class='ocrx_word' id='word_1_631' title='bbox 1260 2161 1352 2196; x_wconf 87' lang='lat' dir='ltr'><strong>priore</strong></span> <span class='ocrx_word' id='word_1_632' title='bbox 1370 2162 1413 2189; x_wconf 84' lang='lat' dir='ltr'><strong>via</strong></span> <span class='ocrx_word' id='word_1_633' title='bbox 1431 2163 1576 2189; x_wconf 90' lang='lat' dir='ltr'><strong>continuat</strong></span> <span class='ocrx_word' id='word_1_634' title='bbox 1590 2162 1693 2197; x_wconf 79' lang='lat' dir='ltr'><strong>fugam.</strong></span> 
     </span>
    </p>
   </div>
   <div class='ocr_carea' id='block_1_92' title="bbox 65 2207 804 2244">
    <p class='ocr_par' dir='ltr' id='par_1_92' title="bbox 65 2208 804 2244">
     <span class='ocr_line' id='line_1_92' title="bbox 65 2208 804 2244; baseline -0.001 -8"><span class='ocrx_word' id='word_1_635' title='bbox 65 2209 170 2243; x_wconf 79' lang='grc' dir='ltr'>μένων,</span> <span class='ocrx_word' id='word_1_636' title='bbox 204 2209 219 2235; x_wconf 82' lang='grc' dir='ltr'><strong>ὸ</strong></span> <span class='ocrx_word' id='word_1_637' title='bbox 240 2208 367 2244; x_wconf 79' lang='grc' dir='ltr'>βασιλεὺς</span> <span class='ocrx_word' id='word_1_638' title='bbox 382 2209 429 2236; x_wconf 70' lang='grc' dir='ltr'><strong>ἐπὶ</strong></span> <span class='ocrx_word' id='word_1_639' title='bbox 442 2209 476 2236; x_wconf 84' lang='grc' dir='ltr'><strong>τὰ</strong></span> <span class='ocrx_word' id='word_1_640' title='bbox 492 2209 584 2244; x_wconf 83' lang='grc' dir='ltr'>πρόσω</span> <span class='ocrx_word' id='word_1_641' title='bbox 596 2208 646 2243; x_wconf 78' lang='grc' dir='ltr'><strong>τὴν</strong></span> <span class='ocrx_word' id='word_1_642' title='bbox 663 2208 778 2244; x_wconf 71' lang='grc' dir='ltr'>πορείαν</span> <span class='ocrx_word' id='word_1_643' title='bbox 794 2210 804 2235; x_wconf 83' lang='grc' dir='ltr'>ὲ</span> 
     </span>
    </p>
   </div>
   <div class='ocr_carea' id='block_1_93' title="bbox 954 2207 1693 2244">
    <p class='ocr_par' dir='ltr' id='par_1_93' title="bbox 962 2207 1693 2243">
     <span class='ocr_line' id='line_1_93' title="bbox 962 2207 1693 2243; baseline 0 -7"><span class='ocrx_word' id='word_1_644' title='bbox 962 2209 1060 2236; x_wconf 89' lang='lat' dir='ltr'><strong>itinere</strong></span> <span class='ocrx_word' id='word_1_645' title='bbox 1076 2207 1158 2243; x_wconf 91' lang='lat' dir='ltr'><strong>paulo</strong></span> <span class='ocrx_word' id='word_1_646' title='bbox 1173 2212 1235 2242; x_wconf 90' lang='lat' dir='ltr'><strong>post</strong></span> <span class='ocrx_word' id='word_1_647' title='bbox 1252 2207 1348 2235; x_wconf 84' lang='lat' dir='ltr'><strong>incidit</strong></span> <span class='ocrx_word' id='word_1_648' title='bbox 1364 2208 1392 2234; x_wconf 94' lang='lat' dir='ltr'><strong>in</strong></span> <span class='ocrx_word' id='word_1_649' title='bbox 1405 2207 1538 2242; x_wconf 86' lang='lat' dir='ltr'><strong>quasdam</strong></span> <span class='ocrx_word' id='word_1_650' title='bbox 1554 2209 1693 2236; x_wconf 68' lang='lat' dir='ltr'><strong>(Iuliarum</strong></span> 
     </span>
    </p>
   </div>
   <div class='ocr_carea' id='block_1_94' title="bbox 62 2253 1694 2292">
    <p class='ocr_par' dir='ltr' id='par_1_94' title="bbox 62 2253 1694 2292">
     <span class='ocr_line' id='line_1_94' title="bbox 62 2253 1694 2292; baseline -0.002 -9"><span class='ocrx_word' id='word_1_651' title='bbox 62 2256 176 2292; x_wconf 68' lang='grc' dir='ltr'>ποίητο.</span> <span class='ocrx_word' id='word_1_652' title='bbox 278 2288 282 2292; x_wconf 83' lang='lat'><strong><em>_</em></strong></span> <span class='ocrx_word' id='word_1_653' title='bbox 910 2255 1038 2283; x_wconf 85' lang='lat' dir='ltr'><strong>cohortes</strong></span> <span class='ocrx_word' id='word_1_654' title='bbox 1063 2261 1123 2289; x_wconf 66' lang='lat' dir='ltr'><strong>qua:</strong></span> <span class='ocrx_word' id='word_1_655' title='bbox 1156 2253 1296 2280; x_wconf 77' lang='lat' dir='ltr'><strong>Romanos</strong></span> <span class='ocrx_word' id='word_1_656' title='bbox 1325 2257 1477 2288; x_wconf 60' lang='lat' dir='ltr'><strong>persecutae</strong></span> <span class='ocrx_word' id='word_1_657' title='bbox 1505 2253 1641 2289; x_wconf 77' lang='lat' dir='ltr'><strong>fugientes</strong></span> <span class='ocrx_word' id='word_1_658' title='bbox 1667 2255 1694 2280; x_wconf 92' lang='lat' dir='ltr'><strong>in</strong></span> 
     </span>
    </p>
   </div>
   <div class='ocr_carea' id='block_1_95' title="bbox 63 2290 1696 2340">
    <p class='ocr_par' dir='ltr' id='par_1_95' title="bbox 63 2290 1696 2340">
     <span class='ocr_line' id='line_1_95' title="bbox 63 2290 1696 2340; baseline -0.001 -9"><span class='ocrx_word' id='word_1_659' title='bbox 63 2290 160 2332; x_wconf 58' lang='grc' dir='ltr'>ειεξιτ-α</span> <span class='ocrx_word' id='word_1_660' title='bbox 177 2290 306 2332; x_wconf 76' lang='lat' dir='ltr'><strong>victrices</strong></span> <span class='ocrx_word' id='word_1_661' title='bbox 317 2304 453 2332; x_wconf 81' lang='lat' dir='ltr'><strong>redibant.</strong></span> <span class='ocrx_word' id='word_1_662' title='bbox 472 2303 504 2332; x_wconf 90' lang='lat' dir='ltr'><strong>lli</strong></span> <span class='ocrx_word' id='word_1_663' title='bbox 520 2304 580 2332; x_wconf 78' lang='lat' dir='ltr'><strong>viso</strong></span> <span class='ocrx_word' id='word_1_664' title='bbox 595 2304 689 2339; x_wconf 86' lang='lat' dir='ltr'><strong>procul</strong></span> <span class='ocrx_word' id='word_1_665' title='bbox 705 2304 854 2340; x_wconf 75' lang='lat' dir='ltr'><strong>agnitoque</strong></span> <span class='ocrx_word' id='word_1_666' title='bbox 874 2304 999 2340; x_wconf 76' lang='lat' dir='ltr'><strong>Augusto</strong></span> <span class='ocrx_word' id='word_1_667' title='bbox 1015 2303 1114 2330; x_wconf 87' lang='lat' dir='ltr'><strong>ibidem</strong></span> <span class='ocrx_word' id='word_1_668' title='bbox 1131 2301 1157 2330; x_wconf 91' lang='lat' dir='ltr'><strong>in</strong></span> <span class='ocrx_word' id='word_1_669' title='bbox 1175 2302 1332 2333; x_wconf 87' lang='lat' dir='ltr'><strong>viamedia,</strong></span> <span class='ocrx_word' id='word_1_670' title='bbox 1349 2309 1401 2336; x_wconf 89' lang='lat' dir='ltr'><strong>qua</strong></span> <span class='ocrx_word' id='word_1_671' title='bbox 1432 2293 1605 2330; x_wconf 61' lang='lat' dir='ltr'><strong>necessarius</strong></span> <span class='ocrx_word' id='word_1_672' title='bbox 1637 2308 1696 2331; x_wconf 79' lang='lat' dir='ltr'><strong>erat</strong></span> 
     </span>
    </p>
   </div>
   <div class='ocr_carea' id='block_1_96' title="bbox 65 2346 1694 2384">
    <p class='ocr_par' dir='ltr' id='par_1_96' title="bbox 65 2346 1694 2384">
     <span class='ocr_line' id='line_1_96' title="bbox 65 2346 1694 2384; baseline 0 -8"><span class='ocrx_word' id='word_1_673' title='bbox 65 2346 214 2381; x_wconf 72' lang='lat' dir='ltr'><strong>transitus,</strong></span> <span class='ocrx_word' id='word_1_674' title='bbox 230 2349 387 2384; x_wconf 73' lang='lat' dir='ltr'><strong>conglobati</strong></span> <span class='ocrx_word' id='word_1_675' title='bbox 403 2350 547 2384; x_wconf 89' lang='lat' dir='ltr'><strong>scutisque</strong></span> <span class='ocrx_word' id='word_1_676' title='bbox 562 2349 718 2377; x_wconf 83' lang='lat' dir='ltr'><strong>cemmissis</strong></span> <span class='ocrx_word' id='word_1_677' title='bbox 740 2353 767 2377; x_wconf 88' lang='lat' dir='ltr'><strong>et</strong></span> <span class='ocrx_word' id='word_1_678' title='bbox 784 2350 902 2378; x_wconf 81' lang='lat' dir='ltr'><strong>invicem</strong></span> <span class='ocrx_word' id='word_1_679' title='bbox 921 2348 1057 2377; x_wconf 87' lang='lat' dir='ltr'><strong>consertis</strong></span> <span class='ocrx_word' id='word_1_680' title='bbox 1069 2352 1242 2383; x_wconf 83' lang='lat' dir='ltr'><strong>exspectant,</strong></span> <span class='ocrx_word' id='word_1_681' title='bbox 1270 2355 1324 2382; x_wconf 88' lang='lat' dir='ltr'><strong>quo</strong></span> <span class='ocrx_word' id='word_1_682' title='bbox 1357 2352 1385 2374; x_wconf 89' lang='lat' dir='ltr'><strong>et</strong></span> <span class='ocrx_word' id='word_1_683' title='bbox 1393 2347 1470 2382; x_wconf 75' lang='lat' dir='ltr'><strong>equis</strong></span> <span class='ocrx_word' id='word_1_684' title='bbox 1503 2348 1583 2382; x_wconf 75' lang='lat' dir='ltr'><strong>longo</strong></span> <span class='ocrx_word' id='word_1_685' title='bbox 1613 2356 1694 2378; x_wconf 86' lang='lat' dir='ltr'><strong>cursu</strong></span> 
     </span>
    </p>
   </div>
   <div class='ocr_carea' id='block_1_97' title="bbox 64 2394 1694 2431">
    <p class='ocr_par' dir='ltr' id='par_1_97' title="bbox 64 2394 1694 2431">
     <span class='ocr_line' id='line_1_97' title="bbox 64 2394 1694 2431; baseline 0.001 -9"><span class='ocrx_word' id='word_1_686' title='bbox 64 2395 149 2425; x_wconf 75' lang='lat' dir='ltr'><strong>fessis</strong></span> <span class='ocrx_word' id='word_1_687' title='bbox 168 2395 272 2431; x_wconf 86' lang='lat' dir='ltr'><strong>aliquid</strong></span> <span class='ocrx_word' id='word_1_688' title='bbox 297 2396 443 2424; x_wconf 83' lang='lat' dir='ltr'><strong>laxamenti</strong></span> <span class='ocrx_word' id='word_1_689' title='bbox 460 2395 567 2423; x_wconf 88' lang='lat' dir='ltr'><strong>modica</strong></span> <span class='ocrx_word' id='word_1_690' title='bbox 595 2395 691 2430; x_wconf 85' lang='lat' dir='ltr'><strong>requie</strong></span> <span class='ocrx_word' id='word_1_691' title='bbox 731 2396 765 2423; x_wconf 83' lang='lat' dir='ltr'><strong>ad</strong></span> <span class='ocrx_word' id='word_1_692' title='bbox 802 2403 889 2423; x_wconf 85' lang='lat' dir='ltr'><strong>novos</strong></span> <span class='ocrx_word' id='word_1_693' title='bbox 909 2399 1027 2423; x_wconf 83' lang='lat' dir='ltr'><strong>conatus</strong></span> <span class='ocrx_word' id='word_1_694' title='bbox 1048 2395 1159 2427; x_wconf 80' lang='lat' dir='ltr'><strong>darent,</strong></span> <span class='ocrx_word' id='word_1_695' title='bbox 1179 2398 1206 2421; x_wconf 83' lang='lat' dir='ltr'><strong>et</strong></span> <span class='ocrx_word' id='word_1_696' title='bbox 1220 2394 1424 2428; x_wconf 84' lang='lat' dir='ltr'><strong>imperatorem,</strong></span> <span class='ocrx_word' id='word_1_697' title='bbox 1438 2401 1518 2428; x_wconf 77' lang='lat' dir='ltr'><strong>quem</strong></span> <span class='ocrx_word' id='word_1_698' title='bbox 1535 2395 1624 2421; x_wconf 85' lang='lat' dir='ltr'><strong>vivum</strong></span> <span class='ocrx_word' id='word_1_699' title='bbox 1647 2403 1694 2423; x_wconf 86' lang='lat' dir='ltr'><strong>ea-</strong></span> 
     </span>
    </p>
   </div>
   <div class='ocr_carea' id='block_1_98' title="bbox 66 2441 1693 2478">
    <p class='ocr_par' dir='ltr' id='par_1_98' title="bbox 66 2441 1693 2478">
     <span class='ocr_line' id='line_1_98' title="bbox 66 2441 1693 2478; baseline -0.001 -7"><span class='ocrx_word' id='word_1_700' title='bbox 66 2451 132 2477; x_wconf 85' lang='lat' dir='ltr'><strong>pere</strong></span> <span class='ocrx_word' id='word_1_701' title='bbox 150 2443 244 2478; x_wconf 84' lang='lat' dir='ltr'><strong>potius</strong></span> <span class='ocrx_word' id='word_1_702' title='bbox 259 2451 340 2478; x_wconf 88' lang='lat' dir='ltr'><strong>quant</strong></span> <span class='ocrx_word' id='word_1_703' title='bbox 356 2444 468 2471; x_wconf 86' lang='lat' dir='ltr'><strong>incursu</strong></span> <span class='ocrx_word' id='word_1_704' title='bbox 489 2443 617 2470; x_wconf 84' lang='lat' dir='ltr'><strong>occidere</strong></span> <span class='ocrx_word' id='word_1_705' title='bbox 633 2443 756 2476; x_wconf 86' lang='lat' dir='ltr'><strong>mallent,</strong></span> <span class='ocrx_word' id='word_1_706' title='bbox 777 2443 848 2471; x_wconf 85' lang='lat' dir='ltr'><strong>baud</strong></span> <span class='ocrx_word' id='word_1_707' title='bbox 870 2443 957 2478; x_wconf 74' lang='lat' dir='ltr'><strong>ignari</strong></span> <span class='ocrx_word' id='word_1_708' title='bbox 995 2449 1077 2477; x_wconf 89' lang='lat' dir='ltr'><strong>quam</strong></span> <span class='ocrx_word' id='word_1_709' title='bbox 1107 2447 1215 2477; x_wconf 72' lang='lat' dir='ltr'><strong>gratum</strong></span> <span class='ocrx_word' id='word_1_710' title='bbox 1243 2441 1268 2469; x_wconf 93' lang='lat' dir='ltr'><strong>id</strong></span> <span class='ocrx_word' id='word_1_711' title='bbox 1307 2441 1426 2469; x_wconf 76' lang='lat' dir='ltr'><strong>Roberto</strong></span> <span class='ocrx_word' id='word_1_712' title='bbox 1449 2448 1550 2469; x_wconf 83' lang='lat' dir='ltr'><strong>munus</strong></span> <span class='ocrx_word' id='word_1_713' title='bbox 1575 2442 1693 2470; x_wconf 89' lang='lat' dir='ltr'><strong>oblatur-i</strong></span> 
     </span>
    </p>
   </div>
   <div class='ocr_carea' id='block_1_99' title="bbox 63 2488 1692 2525">
    <p class='ocr_par' dir='ltr' id='par_1_99' title="bbox 63 2488 1692 2525">
     <span class='ocr_line' id='line_1_99' title="bbox 63 2488 1692 2525; baseline -0.001 -8"><span class='ocrx_word' id='word_1_714' title='bbox 63 2491 170 2522; x_wconf 82' lang='lat' dir='ltr'><strong>essent,</strong></span> <span class='ocrx_word' id='word_1_715' title='bbox 188 2490 228 2517; x_wconf 87' lang='lat' dir='ltr'><strong>sic</strong></span> <span class='ocrx_word' id='word_1_716' title='bbox 243 2490 343 2517; x_wconf 88' lang='lat' dir='ltr'><strong>melius</strong></span> <span class='ocrx_word' id='word_1_717' title='bbox 359 2489 514 2525; x_wconf 76' lang='lat' dir='ltr'><strong>redigerent</strong></span> <span class='ocrx_word' id='word_1_718' title='bbox 530 2490 557 2516; x_wconf 95' lang='lat' dir='ltr'><strong>in</strong></span> <span class='ocrx_word' id='word_1_719' title='bbox 577 2493 751 2524; x_wconf 85' lang='lat' dir='ltr'><strong>potestatem.</strong></span> <span class='ocrx_word' id='word_1_720' title='bbox 778 2490 848 2517; x_wconf 87' lang='lat' dir='ltr'><strong>Tum</strong></span> <span class='ocrx_word' id='word_1_721' title='bbox 888 2490 1030 2517; x_wconf 87' lang='lat' dir='ltr'><strong>enimvero</strong></span> <span class='ocrx_word' id='word_1_722' title='bbox 1064 2489 1212 2523; x_wconf 88' lang='lat' dir='ltr'><strong>imperator</strong></span> <span class='ocrx_word' id='word_1_723' title='bbox 1229 2488 1275 2523; x_wconf 91' lang='lat' dir='ltr'><strong>qui</strong></span> <span class='ocrx_word' id='word_1_724' title='bbox 1295 2491 1336 2515; x_wconf 78' lang='lat' dir='ltr'><strong>tot</strong></span> <span class='ocrx_word' id='word_1_725' title='bbox 1356 2495 1370 2514; x_wconf 90' lang='lat' dir='ltr'><strong>a</strong></span> <span class='ocrx_word' id='word_1_726' title='bbox 1395 2492 1471 2523; x_wconf 80' lang='lat' dir='ltr'><strong>tergo</strong></span> <span class='ocrx_word' id='word_1_727' title='bbox 1488 2488 1692 2523; x_wconf 82' lang='lat' dir='ltr'><strong>insequentium</strong></span> 
     </span>
    </p>
   </div>
   <div class='ocr_carea' id='block_1_100' title="bbox 65 2535 1693 2572">
    <p class='ocr_par' dir='ltr' id='par_1_100' title="bbox 65 2535 1693 2572">
     <span class='ocr_line' id='line_1_100' title="bbox 65 2535 1693 2572; baseline 0.001 -9"><span class='ocrx_word' id='word_1_728' title='bbox 65 2537 188 2564; x_wconf 83' lang='lat' dir='ltr'><strong>hostium</strong></span> <span class='ocrx_word' id='word_1_729' title='bbox 204 2535 334 2564; x_wconf 89' lang='lat' dir='ltr'><strong>infestum</strong></span> <span class='ocrx_word' id='word_1_730' title='bbox 351 2537 481 2571; x_wconf 85' lang='lat' dir='ltr'><strong>impetum</strong></span> <span class='ocrx_word' id='word_1_731' title='bbox 502 2537 546 2564; x_wconf 79' lang='lat' dir='ltr'><strong>vix</strong></span> <span class='ocrx_word' id='word_1_732' title='bbox 570 2544 603 2564; x_wconf 85' lang='lat' dir='ltr'><strong>ac</strong></span> <span class='ocrx_word' id='word_1_733' title='bbox 617 2545 651 2564; x_wconf 90' lang='lat' dir='ltr'><strong>ne</strong></span> <span class='ocrx_word' id='word_1_734' title='bbox 673 2539 717 2564; x_wconf 77' lang='lat' dir='ltr'><strong>vix</strong></span> <span class='ocrx_word' id='word_1_735' title='bbox 742 2537 854 2572; x_wconf 89' lang='lat' dir='ltr'><strong>quidem</strong></span> <span class='ocrx_word' id='word_1_736' title='bbox 875 2537 1036 2572; x_wconf 85' lang='lat' dir='ltr'><strong>jamdudum</strong></span> <span class='ocrx_word' id='word_1_737' title='bbox 1052 2537 1245 2568; x_wconf 79' lang='lat' dir='ltr'><strong>frustraretur,</strong></span> <span class='ocrx_word' id='word_1_738' title='bbox 1263 2537 1333 2564; x_wconf 85' lang='lat' dir='ltr'><strong>alios</strong></span> <span class='ocrx_word' id='word_1_739' title='bbox 1372 2544 1482 2571; x_wconf 83' lang='lat' dir='ltr'><strong>quoque</strong></span> <span class='ocrx_word' id='word_1_740' title='bbox 1516 2543 1693 2565; x_wconf 87' lang='lat' dir='ltr'><strong>occurrentes</strong></span> 
     </span>
    </p>
   </div>
   <div class='ocr_carea' id='block_1_101' title="bbox 64 2583 1692 2620">
    <p class='ocr_par' dir='ltr' id='par_1_101' title="bbox 64 2583 1692 2620">
     <span class='ocr_line' id='line_1_101' title="bbox 64 2583 1692 2620; baseline 0.001 -10"><span class='ocrx_word' id='word_1_741' title='bbox 64 2592 78 2610; x_wconf 85' lang='lat' dir='ltr'><strong>a</strong></span> <span class='ocrx_word' id='word_1_742' title='bbox 93 2583 185 2611; x_wconf 82' lang='lat' dir='ltr'><strong>fronte</strong></span> <span class='ocrx_word' id='word_1_743' title='bbox 211 2591 338 2617; x_wconf 84' lang='lat' dir='ltr'><strong>cernens,</strong></span> <span class='ocrx_word' id='word_1_744' title='bbox 371 2584 450 2619; x_wconf 86' lang='lat' dir='ltr'><strong>plane</strong></span> <span class='ocrx_word' id='word_1_745' title='bbox 471 2590 563 2612; x_wconf 88' lang='lat' dir='ltr'><strong>actum</strong></span> <span class='ocrx_word' id='word_1_746' title='bbox 589 2586 694 2619; x_wconf 78' lang='lat' dir='ltr'><strong>putavit</strong></span> <span class='ocrx_word' id='word_1_747' title='bbox 722 2585 802 2620; x_wconf 78' lang='lat'><strong>120</strong></span> <span class='ocrx_word' id='word_1_748' title='bbox 836 2585 869 2613; x_wconf 86' lang='lat' dir='ltr'><strong>de</strong></span> <span class='ocrx_word' id='word_1_749' title='bbox 889 2586 979 2613; x_wconf 86' lang='lat' dir='ltr'><strong>salute</strong></span> <span class='ocrx_word' id='word_1_750' title='bbox 995 2593 1058 2613; x_wconf 84' lang='lat' dir='ltr'><strong>sua.</strong></span> <span class='ocrx_word' id='word_1_751' title='bbox 1090 2585 1174 2619; x_wconf 77' lang='lat' dir='ltr'><strong>Ergo,</strong></span> <span class='ocrx_word' id='word_1_752' title='bbox 1190 2585 1262 2620; x_wconf 87' lang='lat' dir='ltr'><strong>quod</strong></span> <span class='ocrx_word' id='word_1_753' title='bbox 1277 2593 1361 2611; x_wconf 88' lang='lat' dir='ltr'><strong>umtm</strong></span> <span class='ocrx_word' id='word_1_754' title='bbox 1376 2589 1531 2619; x_wconf 88' lang='lat' dir='ltr'><strong>supererat,</strong></span> <span class='ocrx_word' id='word_1_755' title='bbox 1549 2586 1692 2613; x_wconf 84' lang='lat' dir='ltr'><strong>honestam</strong></span> 
     </span>
    </p>
   </div>
   <div class='ocr_carea' id='block_1_102' title="bbox 63 2629 1693 2667">
    <p class='ocr_par' dir='ltr' id='par_1_102' title="bbox 63 2629 1693 2667">
     <span class='ocr_line' id='line_1_102' title="bbox 63 2629 1693 2667; baseline 0.002 -11"><span class='ocrx_word' id='word_1_756' title='bbox 63 2637 115 2657; x_wconf 86' lang='lat' dir='ltr'><strong>nec</strong></span> <span class='ocrx_word' id='word_1_757' title='bbox 142 2629 258 2656; x_wconf 89' lang='lat' dir='ltr'><strong>inultam</strong></span> <span class='ocrx_word' id='word_1_758' title='bbox 284 2630 416 2659; x_wconf 70' lang='lat' dir='ltr'><strong>ail‘ectans</strong></span> <span class='ocrx_word' id='word_1_759' title='bbox 437 2636 571 2664; x_wconf 90' lang='lat' dir='ltr'><strong>mortem,</strong></span> <span class='ocrx_word' id='word_1_760' title='bbox 599 2639 743 2667; x_wconf 84' lang='lat' dir='ltr'><strong>postquam</strong></span> <span class='ocrx_word' id='word_1_761' title='bbox 773 2632 847 2660; x_wconf 85' lang='lat' dir='ltr'><strong>brevi</strong></span> <span class='ocrx_word' id='word_1_762' title='bbox 867 2633 958 2667; x_wconf 89' lang='lat' dir='ltr'><strong>spatio</strong></span> <span class='ocrx_word' id='word_1_763' title='bbox 972 2639 1035 2659; x_wconf 88' lang='lat' dir='ltr'><strong>sese</strong></span> <span class='ocrx_word' id='word_1_764' title='bbox 1053 2631 1173 2667; x_wconf 80' lang='lat' dir='ltr'><strong>collegit,</strong></span> <span class='ocrx_word' id='word_1_765' title='bbox 1214 2632 1240 2659; x_wconf 93' lang='lat' dir='ltr'><strong>in</strong></span> <span class='ocrx_word' id='word_1_766' title='bbox 1259 2631 1413 2659; x_wconf 86' lang='lat' dir='ltr'><strong>confertam</strong></span> <span class='ocrx_word' id='word_1_767' title='bbox 1434 2636 1547 2666; x_wconf 82' lang='lat' dir='ltr'><strong>repente</strong></span> <span class='ocrx_word' id='word_1_768' title='bbox 1579 2632 1693 2660; x_wconf 88' lang='lat' dir='ltr'><strong>obstan-</strong></span> 
     </span>
    </p>
   </div>
   <div class='ocr_carea' id='block_1_103' title="bbox 65 2675 1692 2714">
    <p class='ocr_par' dir='ltr' id='par_1_103' title="bbox 65 2675 1692 2714">
     <span class='ocr_line' id='line_1_103' title="bbox 65 2675 1692 2714; baseline 0.004 -14"><span class='ocrx_word' id='word_1_769' title='bbox 65 2676 136 2703; x_wconf 88' lang='lat' dir='ltr'><strong>tium</strong></span> <span class='ocrx_word' id='word_1_770' title='bbox 152 2675 263 2702; x_wconf 89' lang='lat' dir='ltr'><strong>turbam</strong></span> <span class='ocrx_word' id='word_1_771' title='bbox 281 2676 387 2710; x_wconf 89' lang='lat' dir='ltr'><strong>irruit;</strong></span> <span class='ocrx_word' id='word_1_772' title='bbox 409 2677 588 2713; x_wconf 83' lang='lat' dir='ltr'><strong>mediumque</strong></span> <span class='ocrx_word' id='word_1_773' title='bbox 619 2679 742 2713; x_wconf 89' lang='lat' dir='ltr'><strong>ipsorum</strong></span> <span class='ocrx_word' id='word_1_774' title='bbox 764 2679 896 2706; x_wconf 77' lang='lat' dir='ltr'><strong>sublime</strong></span> <span class='ocrx_word' id='word_1_775' title='bbox 914 2683 1070 2707; x_wconf 76' lang='lat' dir='ltr'><strong>exstantem</strong></span> <span class='ocrx_word' id='word_1_776' title='bbox 1089 2677 1310 2706; x_wconf 84' lang='lat' dir='ltr'><strong>animadvertens</strong></span> <span class='ocrx_word' id='word_1_777' title='bbox 1325 2679 1481 2714; x_wconf 83' lang='lat' dir='ltr'><strong>quempiam</strong></span> <span class='ocrx_word' id='word_1_778' title='bbox 1506 2684 1562 2706; x_wconf 92' lang='lat' dir='ltr'><strong>lttm</strong></span> <span class='ocrx_word' id='word_1_779' title='bbox 1598 2687 1612 2706; x_wconf 86' lang='lat' dir='ltr'><strong>a</strong></span> <span class='ocrx_word' id='word_1_780' title='bbox 1636 2685 1692 2706; x_wconf 87' lang='lat' dir='ltr'><strong>sta-</strong></span> 
     </span>
    </p>
   </div>
   <div class='ocr_carea' id='block_1_104' title="bbox 66 2721 1692 2760">
    <p class='ocr_par' dir='ltr' id='par_1_104' title="bbox 66 2721 1692 2760">
     <span class='ocr_line' id='line_1_104' title="bbox 66 2721 1692 2760; baseline 0.002 -12"><span class='ocrx_word' id='word_1_781' title='bbox 66 2727 137 2749; x_wconf 71' lang='lat' dir='ltr'><strong>tura:</strong></span> <span class='ocrx_word' id='word_1_782' title='bbox 158 2721 250 2754; x_wconf 88' lang='lat' dir='ltr'><strong>modo,</strong></span> <span class='ocrx_word' id='word_1_783' title='bbox 289 2726 347 2749; x_wconf 90' lang='lat' dir='ltr'><strong>tum</strong></span> <span class='ocrx_word' id='word_1_784' title='bbox 373 2730 387 2749; x_wconf 92' lang='lat' dir='ltr'><strong>a</strong></span> <span class='ocrx_word' id='word_1_785' title='bbox 416 2722 523 2758; x_wconf 74' lang='lat' dir='ltr'><strong>fulgore</strong></span> <span class='ocrx_word' id='word_1_786' title='bbox 547 2732 687 2752; x_wconf 82' lang='lat' dir='ltr'><strong>armorum</strong></span> <span class='ocrx_word' id='word_1_787' title='bbox 712 2725 872 2760; x_wconf 84' lang='lat' dir='ltr'><strong>suspicatus</strong></span> <span class='ocrx_word' id='word_1_788' title='bbox 909 2724 1062 2752; x_wconf 82' lang='lat' dir='ltr'><strong>llobertum</strong></span> <span class='ocrx_word' id='word_1_789' title='bbox 1092 2731 1163 2756; x_wconf 88' lang='lat' dir='ltr'><strong>esse,</strong></span> <span class='ocrx_word' id='word_1_790' title='bbox 1191 2724 1281 2759; x_wconf 87' lang='lat' dir='ltr'><strong>ipsutn</strong></span> <span class='ocrx_word' id='word_1_791' title='bbox 1302 2729 1377 2751; x_wconf 84' lang='lat' dir='ltr'><strong>recta</strong></span> <span class='ocrx_word' id='word_1_792' title='bbox 1407 2725 1482 2760; x_wconf 88' lang='lat' dir='ltr'><strong>petit.</strong></span> <span class='ocrx_word' id='word_1_793' title='bbox 1512 2725 1597 2758; x_wconf 85' lang='lat' dir='ltr'><strong>Quem</strong></span> <span class='ocrx_word' id='word_1_794' title='bbox 1622 2725 1692 2753; x_wconf 73' lang='lat' dir='ltr'><strong>alter</strong></span> 
     </span>
    </p>
   </div>
   <div class='ocr_carea' id='block_1_105' title="bbox 65 2768 1690 2806">
    <p class='ocr_par' dir='ltr' id='par_1_105' title="bbox 65 2768 1690 2806">
     <span class='ocr_line' id='line_1_105' title="bbox 65 2768 1690 2806; baseline 0.002 -10"><span class='ocrx_word' id='word_1_795' title='bbox 65 2775 167 2803; x_wconf 78' lang='lat' dir='ltr'><strong>magno</strong></span> <span class='ocrx_word' id='word_1_796' title='bbox 185 2768 279 2796; x_wconf 83' lang='lat' dir='ltr'><strong>animo</strong></span> <span class='ocrx_word' id='word_1_797' title='bbox 293 2772 475 2806; x_wconf 87' lang='lat' dir='ltr'><strong>protentaque</strong></span> <span class='ocrx_word' id='word_1_798' title='bbox 491 2771 569 2799; x_wconf 86' lang='lat' dir='ltr'><strong>hasta</strong></span> <span class='ocrx_word' id='word_1_799' title='bbox 586 2779 619 2799; x_wconf 81' lang='lat' dir='ltr'><strong>ex</strong></span> <span class='ocrx_word' id='word_1_800' title='bbox 635 2771 753 2800; x_wconf 84' lang='lat' dir='ltr'><strong>adverso</strong></span> <span class='ocrx_word' id='word_1_801' title='bbox 779 2771 906 2799; x_wconf 88' lang='lat' dir='ltr'><strong>similiter</strong></span> <span class='ocrx_word' id='word_1_802' title='bbox 920 2770 1037 2798; x_wconf 84' lang='lat' dir='ltr'><strong>invadit.</strong></span> <span class='ocrx_word' id='word_1_803' title='bbox 1055 2769 1095 2797; x_wconf 87' lang='lat' dir='ltr'><strong>Eo</strong></span> <span class='ocrx_word' id='word_1_804' title='bbox 1131 2769 1276 2805; x_wconf 90' lang='lat' dir='ltr'><strong>utriusque</strong></span> <span class='ocrx_word' id='word_1_805' title='bbox 1309 2779 1393 2798; x_wconf 85' lang='lat' dir='ltr'><strong>cursu</strong></span> <span class='ocrx_word' id='word_1_806' title='bbox 1425 2770 1543 2798; x_wconf 87' lang='lat' dir='ltr'><strong>tnediutn</strong></span> <span class='ocrx_word' id='word_1_807' title='bbox 1571 2771 1690 2806; x_wconf 81' lang='lat' dir='ltr'><strong>spatium</strong></span> 
     </span>
    </p>
   </div>
   <div class='ocr_carea' id='block_1_106' title="bbox 587 2828 1162 2863">
    <p class='ocr_par' dir='ltr' id='par_1_106' title="bbox 587 2828 1162 2863">
     <span class='ocr_line' id='line_1_106' title="bbox 587 2828 1162 2863; baseline -0.005 -1"><span class='ocrx_word' id='word_1_808' title='bbox 587 2831 688 2862; x_wconf 76' lang='lat' dir='ltr'><strong>Vat-ite</strong></span> <span class='ocrx_word' id='word_1_809' title='bbox 709 2830 861 2863; x_wconf 85' lang='lat' dir='ltr'><strong>lectiones</strong></span> <span class='ocrx_word' id='word_1_810' title='bbox 883 2839 923 2862; x_wconf 80' lang='lat' dir='ltr'><strong>ex</strong></span> <span class='ocrx_word' id='word_1_811' title='bbox 939 2830 1009 2862; x_wconf 88' lang='lat' dir='ltr'><strong>cod.</strong></span> <span class='ocrx_word' id='word_1_812' title='bbox 1033 2828 1162 2860; x_wconf 89' lang='lat' dir='ltr'><strong>Coislin.</strong></span> 
     </span>
    </p>
   </div>
   <div class='ocr_carea' id='block_1_107' title="bbox 101 2868 292 2898">
    <p class='ocr_par' dir='ltr' id='par_1_107' title="bbox 101 2868 292 2898">
     <span class='ocr_line' id='line_1_107' title="bbox 101 2868 292 2898; baseline 0.021 -4"><span class='ocrx_word' id='word_1_813' title='bbox 101 2868 114 2885; x_wconf 90' lang='lat'>&#39;</span> <span class='ocrx_word' id='word_1_814' title='bbox 128 2868 240 2896; x_wconf 62' lang='grc' dir='ltr'>ὄπισθεν</span> <span class='ocrx_word' id='word_1_815' title='bbox 253 2868 292 2898; x_wconf 71' lang='grc' dir='ltr'><strong>δέ.</strong></span> 
     </span>
    </p>
   </div>
  </div>
