1867 3046
235 147 288 178 403

884 152 997 183 ΑΝΝιΕ
1017 151 1207 182 COMNENJE

1805 149 1854 181 40-5

230 205 308 232 tia'is
325 204 511 238 mandaverat,
535 212 564 232 ut
584 213 666 240 quam
687 205 880 234 densissimam
905 215 967 242 poss

1126 206 1186 239 ἔθος
1207 205 1281 241 αὑτῷ
1298 206 1348 242 τὴν
1361 206 1451 241 δρμὴν
1475 206 1523 241 τῆς
1552 206 1644 242 μάχης
1668 205 1770 239 ἐποίει,
1788 207 1853 235 am

229 252 265 280 tet
285 259 345 278 rum
371 251 469 279 nubem
486 252 582 286 procul
601 253 628 280 in
646 252 738 281 Gallos
758 253 957 288 jacnlarentur,
976 255 1019 282 in-

229 298 307 325 terim
324 297 388 324 dum
402 298 529 325 dextrum
548 299 700 334 laevumque
711 306 810 332 cornu,
825 308 857 327 ex
875 308 924 327 sua
936 300 1019 335 quod-

228 351 282 378 que
302 347 390 378 parte,
410 344 652 372 vehementissimo
668 345 772 380 impetu
799 345 826 372 in
852 345 960 373 eosdem
975 346 1019 372 in-

227 390 380 416 eumberet.
399 389 460 416 llam
475 389 541 423 quid
567 390 671 424 profuit
696 395 749 418 tam
775 392 912 426 sapienter
936 399 1019 419 exco-

228 433 331 467 gitasse
345 433 413 468 patri
432 441 492 461 meo
509 442 625 469 quorum
641 435 773 463 indicium
791 436 883 463 statim
902 436 936 465 ad
953 437 1017 464 Bai-

227 479 361 506 mundutn
389 479 587 512 deferebatur;
616 481 643 508 in
659 490 714 517 quo
746 483 910 511 versabatur
946 491 1017 511 circa

226 525 401 559 proditorum
418 525 508 558 fraus,
524 527 604 560 cujus
623 527 769 562 perfidiosa
783 528 925 564 diligentia
941 529 1018 563 quid-

225 570 290 604 quid
306 571 413 606 vesperi
430 571 608 604 decrevisset,
632 573 720 606 primo
735 581 815 602 mane
833 575 1019 610 compertissi-

224 624 300 643 mum
326 616 403 644 Gallo
427 622 495 645 erat.
524 618 582 646 Nec
613 619 698 647 surdo
724 620 827 648 dictum
857 625 904 648 aut
919 629 1016 656 parum

225 667 354 697 prompto
367 663 403 690 ad
425 664 634 698 praecavendum
659 666 749 693 subita
769 667 920 694 mutatione
936 668 1016 696 aciei.

223 708 350 743 Explicat
364 717 428 745 ergo
445 717 510 738 suas
527 711 621 745 copias
637 711 670 738 ad
688 705 830 746 praelium;
847 716 875 739 at
892 720 946 740 non
962 720 1017 748 qua

222 758 311 788 parte,
330 762 440 790 quoque
451 756 532 783 modo
545 756 649 791 solebat
660 763 799 785 certamen
815 757 929 786 invadit.
943 758 1017 786 Odo-

223 804 303 827 ratus
322 800 450 828 Videlicet
465 794 609 829 consilium
631 802 805 837 imperatoris
821 804 971 831 exercitum
990 809 1017 832 et

223 845 282 880 ipse
298 853 377 872 suum
394 845 660 879 bifariamiscissum
679 848 785 876 irruere
803 849 836 876 ab
853 850 962 884 gemino
978 849 1015 876 la-

223 894 284 918 tere
309 892 335 918 in
354 891 492 920 llomanos
510 893 600 927 jubet,
621 894 707 922 aciem
735 894 822 930 ipsam
842 895 960 922 mediant
987 899 1015 923 et

223 935 342 964 frontem
360 938 500 966 exercitus
524 942 598 966 stare
627 939 781 973 immotam,
802 940 881 976 quasi
919 949 1016 976 exspe-

220 986 341 1008 CIantem
365 982 452 1010 donec
481 983 577 1011 hostes
602 992 649 1019 per
664 985 792 1012 infestam
821 986 961 1021 planitiem
988 986 1015 1013 in

221 1028 297 1062 ipsos
313 1028 466 1057 tenderent.
489 1029 551 1056 llaec
567 1030 604 1057 ita
621 1030 692 1058 facta
711 1035 785 1058 sunt.
801 1031 857 1059 Nec
875 1039 941 1058 vero
956 1030 1015 1058 Ro-

220 1074 293 1102 mani
316 1074 479 1103 Latinorum
497 1075 628 1111 impetum
645 1076 692 1104 diu
710 1076 924 1111 sustinuerunt;
940 1082 1014 1113 terga

221 1120 313 1147 statim
343 1125 464 1152 vertunt,
491 1129 541 1149 nec
570 1121 626 1149 fere
645 1129 789 1150 occursum
809 1127 904 1150 contra
931 1131 1014 1151 ruen-

219 1165 288 1192 tium
318 1173 423 1200 nupera
452 1167 527 1195 velut
557 1168 635 1195 clade
660 1167 750 1195 adhuc
776 1169 882 1196 attoniti
903 1169 1013 1197 audent.

219 1210 359 1239 Turbatur
381 1212 504 1240 Romana
530 1214 614 1245 acies,
639 1214 741 1242 frustra
767 1215 933 1250 imperatore
947 1224 1014 1244 eon-

219 1261 324 1285 suetam
340 1258 486 1286 exltibente
503 1260 700 1292 constantiam,
715 1266 743 1288 et
765 1269 846 1288 manu
861 1263 1014 1298 'tnenteqne

218 1307 330 1330 strenue
355 1311 412 1330 rem
427 1308 549 1338 gerente.
568 1304 626 1331 Non
654 1306 725 1332 enim
741 1307 831 1334 stabat
848 1307 938 1335 solum
963 1309 1014 1336 im-

218 1349 389 1382 perterritus,
401 1350 448 1376 scd
461 1350 692 1380 lacessebatultro
703 1353 959 1386 adversos,vulnera
973 1355 1014 1382 in-

218 1393 308 1420 ferens
324 1393 502 1429 vicissimque
517 1395 668 1430 accipiens.
685 1396 805 1425 Tandem
829 1406 891 1426 eutn
908 1400 1013 1433 exerci-

218 1439 420 1473 tumidilapsum
435 1445 569 1473 cerneret,
582 1450 665 1476 seque
681 1443 817 1471 dusertum
830 1453 891 1472 cum
905 1447 1011 1481 paucis,

217 1485 296 1512 otiicii
310 1486 352 1514 sui
370 1487 486 1514 credidit
503 1494 556 1514 non
573 1492 677 1516 temere
692 1490 795 1518 diutius
825 1491 899 1519 nullo
921 1500 1012 1527 operae

1031 880 1052 907 Β

1070 252 1253 287 προαρπάσας
1274 252 1324 287 τὴν
1351 251 1398 278 τοῦ
1423 251 1624 287 αὐτοκράτορος
1642 251 1752 288 βουλὴν,
1769 254 1849 285 αὐτὸς

1070 299 1099 332 ἐξ
1115 299 1248 333 ἑκατέρου
1266 298 1366 334 μέρους
1381 297 1426 324 τὸν
1443 297 1525 332 μόθον
1545 297 1644 332 μᾶλλον
1663 298 1815 333 ἀνερίπησε
1830 299 1852 315 ¹⁶

1069 345 1119 378 τὴν
1133 345 1203 371 κατὰ
1217 345 1343 380 μέτωπον
1359 344 1487 377 φάλαγγα
1505 344 1633 378 ἀτρεμεῖν
1650 344 1719 375 τέως
1732 354 1854 379 παρακε-

1069 390 1249 426 λευσάμενος,
1264 390 1319 423 Τῆς
1334 390 1401 424 γοῦν
1422 390 1512 426 μάχης
1529 391 1690 426 ἀγχεμάχου
1706 393 1853 426 γεγονυίας

1068 436 1094 462 οἱ
1107 436 1153 462 τοῦ
1176 436 1332 470 Ῥωμαῖκοῦ
1348 436 1553 470 στρατεύματος
1582 438 1616 463 τὰ
1629 438 1701 464 νῶτα
1719 440 1776 470 τοῖς
1801 439 1856 465 Λαρ

1069 481 1152 513 τίνοις
1165 481 1309 514 δεδώκασι,
1325 482 1387 517 μηδ’
1400 484 1561 518 ἁντωπῆσαι
1578 483 1684 515 τούτοις
1697 483 1743 510 τοῦ
1759 484 1855 510 λοιποῦ

1070 528 1220 563 ἰσχύοντες,
1240 530 1511 564 προκατεπτοημὲκοι
1528 529 1604 560 ὗντες
1613 529 1657 555 διὰ
1672 530 1720 565 τὴν
1732 539 1856 565 προηγη-

1069 574 1191 609 σαμένην
1207 570 1302 608 ἧτταν.
1324 575 1378 601 Καὶ
1394 574 1526 609 σύγχυσις
1545 575 1695 609 τηνικαῦτα
1713 575 1764 610 τῆς
1791 576 1856 602 Ῥω-

1070 618 1173 653 μαῖκῆς
1198 619 1380 654 παρατάξεως
1403 617 1448 654 ἦν,
1467 620 1520 646 κᾶν
1536 619 1551 646 ὸ
1566 619 1693 654 βασιλεὺς
1707 619 1856 655 ἀκλὸνητος

1070 663 1160 697 μένων
1182 663 1314 696 γενναίως
1347 662 1393 690 καὶΙ
1422 663 1496 698 χειρὶ
1520 664 1568 689 καὶ
1591 663 1691 698 γνώμῃ
1715 663 1857 689 ἀντικαθί-

1068 715 1161 741 στατο,
1191 708 1305 740 πολλοὺς
1334 708 1384 743 μὲν
1409 708 1528 744 τρώσας,
1546 707 1603 735 ἔστι
1623 708 1646 735 δ’
1661 705 1692 735 οὗ
1710 708 1760 734 καὶ
1785 717 1858 742 τρω-

1068 754 1133 786 Θείς.
1150 754 1204 782 Καὶ
1228 755 1288 781 ἐπεὶ
1312 754 1342 781 τὸ
1367 755 1440 782 ἅπαν
1463 754 1598 790 ὲκρεῢσαν
1622 755 1673 790 ἠδη
1699 755 1858 790 στράτευμα

1067 799 1209 832 ἐθεάσατο,
1223 801 1270 827 καὶ
1286 800 1381 827 ἑαυτὸν
1399 800 1459 835 μετ’
1474 800 1575 834 ὀλίγων
1599 799 1812 835 καταληφθέντα
1823 801 1856 832 ’⁷,

1066 845 1124 872 δέον
1149 845 1291 879 ἐλογίσατο
1318 846 1356 882 μὴ
1376 846 1481 880 ἀλόγως
1498 845 1696 881 ἀνθιστάμενος
1712 846 1855 873 κινδυνεῦ-

1067 900 1124 918 σαι.
1146 892 1230 918 Ἐπὰν
1241 892 1295 927 γάρ
1307 900 1361 925 τις,
1377 892 1463 919 πολλὰ
1479 893 1614 927 μογήσας,
1634 892 1671 927 μὴ
1684 893 1754 927 πρὸς
1766 892 1856 928 ἰσχύος

1067 938 1123 974 ἔχει
1142 938 1164 954 ’⁸
1192 939 1248 970 τοῖς
1272 938 1381 974 ἐχθροῖς
1408 938 1664 971 ἀντικαθίστασθαι,
1687 938 1806 973 μάταιος
1827 939 1856 965 ἂν

1067 983 1110 1017 εἴη
1125 983 1148 1000 ’³
1166 983 1206 1014 είς
1226 983 1364 1018 προῦπτον
1379 982 1505 1009 κίνδυνον
1523 982 1619 1009 ἑαυτὴν
1646 981 1788 1008 συνωθῶν.
1805 982 1856 1007 Ta}

1066 1027 1132 1062 γοῦν
1149 1027 1238 1060 δεξιοῦ
1268 1028 1317 1055 καὶ
1341 1029 1484 1064 εὐωνύμου
1502 1029 1593 1064 κέρως
1616 1028 1664 1063 τῆς
1693 1028 1856 1063 Ῥωμαῖκῆς

1067 1075 1208 1110 φάλαγγος
1230 1075 1367 1110 φυγαδείᾳ
1393 1075 1588 1111 χρησαμένων,
1618 1075 1632 1100 ὁ
1660 1073 1791 1109 βασιλεὺς
1817 1073 1856 1100 ἔτι

1065 1121 1243 1156 ὲγκαρτερῶν
1273 1120 1342 1156 μετὰ
1365 1123 1414 1156 τῆς
1440 1121 1487 1147 τοῦ
1517 1120 1687 1155 Βαῖμούντου
1716 1120 1857 1154 φάλαγγος

1065 1166 1386 1202 γενναίωςνάπεμάχετο,
1404 1167 1449 1193 τὸν
1464 1167 1525 1193 ὅλον
1543 1166 1625 1198 αὐτὸς
1651 1166 1855 1200 ἀναδεξάμενος

1065 1213 1195 1247 πόλεμον.
1213 1213 1249 1239 Τὸ
1264 1213 1293 1240 δὲ
1317 1213 1519 1248 ἀναντίρρητον
1535 1213 1626 1244 συνεὶς
1643 1212 1691 1239 τοῦ
1715 1212 1853 1244 κινδύνου,

1064 1259 1124 1286 δέον
1143 1259 1251 1294 ἔκρινεν
1265 1259 1362 1286 ἑαυτὸν
1379 1259 1543 1293 περισῶσαι,
1574 1259 1611 1290 ὡς
1624 1258 1702 1290 αὖθις
1725 1258 1855 1285 δύνασθαι

1066 1305 1200 1340 μάχεσθαι
1213 1306 1282 1341 πρὸς
1301 1305 1348 1332 τὸν
1366 1305 1627 1339 καταγωνισάμενον
1642 1305 1690 1331 καὶ
1704 1304 1853 1335 ἀντίπαλος

1064 1352 1175 1378 ἔσεσθαι
1195 1351 1416 1386 καρτερώτατος,
1433 1351 1480 1377 καὶ
1507 1352 1544 1386 μὴ
1566 1351 1596 1377 τὸ
1622 1350 1678 1377 πᾶν
1703 1350 1755 1385 τῆς
1773 1350 1852 1385 νίκης

1063 1397 1183 1433 ἄρασθαι
1202 1397 1247 1423 τὸν
1263 1396 1444 1432 Βαῐμοῦντον.
1461 1397 1591 1428 Τοιοῦτος
1608 1396 1663 1431 γὰρ
1682 1394 1717 1432 ἦν
1731 1395 1856 1431 ἡττώμει

1064 1452 1108 1475 νος
1125 1444 1172 1470 καὶ
1191 1442 1288 1475 νικῶν,
1302 1442 1411 1477 φεύγων
1428 1443 1474 1469 καὶ
1488 1442 1566 1473 αὖθις
1579 1441 1697 1472 διώκων,
1717 1443 1765 1468 καὶ
1780 1441 1850 1476 μηδὲ

1065 1499 1130 1516 ποτε
1147 1490 1345 1524 ὑποπτήσσων,
1365 1489 1435 1524 μήτε
1462 1488 1515 1524 μὴν
1540 1488 1718 1520 ἀνελπιστίας
1745 1487 1854 1523 βρόχοις

216 1531 306 1566 pretio
331 1533 492 1567 periclitari.
509 1533 573 1566 Quae
589 1534 661 1562 enim
679 1535 750 1563 ratio
765 1537 801 1564 sit
832 1537 951 1574 defatiga

1114 1535 1257 1571 σχόμενος.
1281 1533 1336 1561 Ἦν
1350 1535 1404 1569 γὰρ
1431 1534 1478 1561 καὶ
1502 1535 1542 1566 είς
1562 1534 1628 1561 Θεὸν
1641 1534 1696 1569 (50)
1717 1534 1851 1569 μεγίστην

214 1582 243 1604 et
271 1577 359 1605 solum
381 1583 476 1606 contra
508 1580 587 1616 136
613 1581 747 1609 victorem
780 1584 929 1611 exercitum
959 1586 1010 1613 niti

215 1623 367 1656 pertinacia
388 1625 537 1659 pugnandi,
562 1627 753 1663 projicereque
771 1629 888 1657 salutem
907 1630 933 1657 in
950 1631 1008 1658 dis-

216 1669 320 1696 crimen
336 1670 411 1697 nulla
428 1679 475 1705 spe
490 1673 621 1700 vacante?
634 1673 779 1709 Postquam
791 1675 873 1711 igitur
886 1677 1010 1712 aliquan-

216 1713 263 1740 diu
284 1715 384 1742 dextro
400 1715 521 1752 laevoque
543 1725 629 1746 cornu
653 1726 769 1747 suorum
794 1721 895 1756 fugato,
923 1727 1008 1751 totum

215 1760 352 1788 exercitus
379 1760 522 1790 Baimundi
552 1763 660 1798 pondus
681 1769 762 1801 atque
788 1767 918 1803 impetum
938 1777 1009 1798 unus

218 1805 335 1832 stitissct
346 1806 579 1843 sustinuissctque
591 1809 713 1843 Alexius,
727 1810 835 1839 demum
849 1814 1007 1847 persuaderi

218 1850 269 1877 sibi
280 1851 342 1878 sivit
357 1858 371 1877 a
389 1859 439 1879 sua
454 1853 598 1888 prudentia
615 1859 643 1881 ut
656 1863 686 1882 se
699 1863 712 1882 a
729 1858 856 1891 praesenti
874 1860 1007 1895 periculo,

215 1896 244 1922 in
261 1904 316 1931 quo
341 1896 443 1925 frustra
470 1900 569 1926 tentari
597 1899 736 1928 fortunam
766 1904 853 1937 palam
872 1910 956 1938 esset.
972 1906 1006 1934 ad

216 1942 297 1969 aliaat
314 1943 400 1970 aciem
418 1944 548 1979 aliudque
565 1946 718 1980 periculum
735 1955 765 1975 se
778 1955 910 1977 servaret.
938 1950 1005 1987 Agi-

211 1984 289 2015 tabat
304 1989 377 2015 cnim
394 1989 435 2016 vcl
455 1990 482 2016 in
508 1990 554 2016 illa
574 1991 740 2020 calamitosa
766 1992 839 2029 fuga,
860 1995 941 2023 homo
962 1984 1004 2024 in-

212 2034 294 2061 fracti
308 2035 403 2066 animi,
419 2035 565 2070 magnifica
581 2037 697 2065 consilia
720 2041 876 2068 resutnendi
894 2042 1005 2070 meliore

212 2083 289 2106 sorte
311 2083 407 2107 contra
424 2079 607 2108 Baimundum
629 2082 703 2115 belli,
732 2086 938 2121 reponendique
965 2088 1004 2115 illi

211 2125 304 2153 clades
321 2132 415 2153 omnes
435 2126 522 2155 istas:
545 2127 581 2154 ita
600 2129 804 2162 quodammodo
824 2132 886 2159 dum
912 2141 1005 2162 Vince-

211 2172 294 2198 batur
305 2173 431 2205 vincens,
444 2177 470 2200 et
495 2173 559 2200 dum
577 2174 715 2209 fugiebat,
735 2184 915 2212 persequens,
930 2187 1003 2206 nun-

212 2225 295 2252 quam
315 2225 379 2245 vcro
400 2218 510 2253 infringi
534 2220 586 2247 sibi
605 2228 766 2255 generosam
791 2223 931 2258 fiduciatn,
954 2231 1002 2253 aut

212 2263 413 2298 desperationis
439 2264 544 2300 laqueis
569 2273 599 2293 se
623 2267 774 2303 constringi
794 2269 911 2303 patiens.
938 2272 1003 2300 Erat

212 2309 314 2345 quippe
339 2309 391 2337 fide
415 2311 545 2346 praeditus
571 2313 599 2340 in
627 2312 712 2341 Deum
737 2315 872 2344 maxima:
890 2318 1003 2354 ejusque

211 2364 313 2383 numen
331 2357 410 2391 quasi
427 2365 550 2393 praesens
569 2359 681 2387 assidua
701 2361 728 2388 in
750 2362 878 2391 omnibus
899 2365 1002 2400 cogita-

213 2402 289 2429 tione
302 2403 516 2432 circnmfercbat
529 2412 536 2430 :
551 2405 763 2441 juramentoque
776 2408 932 2437 abstinebat
946 2418 1004 2438 om-

211 2448 289 2481 nino,
303 2447 371 2476 Cum
390 2449 474 2484 igitur
489 2451 645 2486 desperata,
665 2457 695 2480 ut
708 2454 787 2481 modo
803 2455 871 2488 dixi,
887 2456 1002 2484 victoria

212 2494 315 2530 impetu
331 2500 406 2524 retro
421 2504 500 2525 verso
515 2498 635 2532 cederet,
658 2500 819 2535 insequente
835 2501 999 2535 Baimundo,

1019 2213 1042 2242 D

1062 1582 1131 1617 ἔχων
1156 1581 1258 1614 πίστιν,
1276 1580 1324 1607 καὶ
1343 1580 1439 1607 τοῦτον
1465 1581 1514 1616 μὲν
1529 1581 1558 1612 ἐς
1575 1580 1658 1616 μέσον
1682 1580 1726 1607 διὰ
1746 1581 1850 1611 παντδς

1064 1626 1233 1662 περιφέρων,
1260 1627 1343 1661 ὅρκου
1367 1626 1399 1661 δὴ
1412 1627 1433 1642 ³ο
1463 1625 1639 1653 παντάπασιν
1668 1626 1851 1660 ἀπεχόμενος.

1067 1665 1242 1709 ’Δπειρηκὼς
1258 1671 1316 1706 οὖν,
1333 1673 1370 1705 ὡς
1386 1673 1490 1700 ἄνωθεν
1507 1673 1627 1709 εἴρηται,
1644 1672 1852 1708 ὀπισθόρμητος

1061 1720 1109 1746 καὶ
1129 1719 1210 1751 αὐτὸς
1226 1719 1517 1754 γέγονε,“διωκόμενος
1528 1719 1605 1753 παρὰ
1618 1718 1664 1746 τοῦ
1681 1718 1853 1754 Βαῖμούντου

1061 1766 1108 1792 καὶ
1126 1765 1262 1799 ἐκκρίτων
1287 1765 1428 1800 κομὴτων.
1452 1765 1496 1792 Ἐν
1518 1765 1625 1797 τούτοις
1649 1765 1679 1792 δέ
1696 1773 1765 1802 φησι
1782 1766 1852 1800 πρὸς

1059 1814 1105 1840 τὸν
1119 1814 1138 1839 Γ
1140 1813 1221 1848 ουλῆν
1238 1809 1327 1847 (οὗτος
1352 1812 1379 1839 δὲ
1397 1811 1525 1847 πατρῷος
1541 1811 1625 1838 αὑτοῦ
1643 1812 1788 1847 θεράπων)
1805 1812 1852 1839 καὶ

1059 1861 1122 1891 τοὺς
1152 1860 1200 1887 σὺν
1228 1859 1315 1894 αὐτῷ·
1344 1858 1440 1893 Μέχρι
1466 1855 1567 1886 Ξιόσου
1592 1859 1782 1894 φευξόμεθιη
1798 1859 1851 1885 Καὶ

1060 1905 1181 1942 στρέψας
1201 1905 1247 1932 τὸν
1267 1904 1382 1940 χαληνὺν
1394 1905 1416 1920 ³¹
1435 1905 1484 1931 καὶ
1505 1905 1552 1932 τοῦ
1569 1904 1665 1931 κολεοῦ
1679 1905 1701 1920 ³¹
1719 1904 1749 1931 τὸ
1774 1905 1850 1939 ξίφος

1059 1950 1215 1986 ἐξαγαγὼν,
1231 1951 1307 1978 παίει
1332 1951 1378 1977 τὸν
1403 1951 1520 1986 πρώτως
1547 1950 1621 1986 αὑτῷ
1640 1951 1850 1986 συναντήσαντα

1057 2000 1129 2028 κατὰ
1143 2001 1193 2035 τῆς
1215 1999 1315 2034 ὅψεως.
1334 1999 1420 2026 Τοῦτο
1440 2001 1464 2026 οἱ
1481 1999 1580 2026 Κελτοὶ
1604 1999 1783 2034 Θεασάμενοι,
1801 2000 1849 2026 καὶ

1057 2047 1213 2081 διαγνόντες
1228 2046 1310 2072 αὐτὸν
1326 2046 1376 2081 τῆς
1394 2046 1462 2078 ἰδίας
1489 2046 1672 2080 ἀπεγνωκότα
1697 2045 1849 2081 σωτηρίας,

1057 2093 1150 2128 ἐπειδὴ
1177 2093 1241 2124 τοὺς
1264 2092 1393 2128 τοιαύτης
1425 2091 1539 2127 γνώμης
1563 2092 1730 2126 γεγονότας,
1745 2092 1847 2126 ἄνδρας

1056 2139 1291 2174 ἀκαταμαχήτους
1326 2138 1410 2165 πάλαι
1443 2139 1610 2172 ἐγίνωσκον,
1649 2137 1850 2168 ὑποπαλέντες

1055 2185 1103 2211 τοῦ
1118 2184 1226 2211 διώκειν
1252 2183 1417 2212 ἐπαύσαντο.
1443 2185 1498 2212 Καὶ
1517 2185 1588 2211 οὕτω
1613 2184 1669 2211 τῶν
1694 2184 1847 2211 διωκόντων

1057 2230 1237 2264 ἀπαλλαγεὶς,
1268 2230 1382 2265 ὑπεξῄει
1408 2229 1456 2257 τοῦ
1481 2231 1616 2257 κινδύνου.
1645 2231 1714 2258 Οὐδὲ
1735 2231 1845 2265 φεύγων

1059 2275 1088 2303 δὲ
1101 2275 1171 2307 ὅλως
1197 2275 1400 2307 ἀνεπεπτώκει,
1427 2275 1495 2302 ἀλλὰ
1520 2276 1575 2302 τῶν
1601 2276 1756 2310 φευγόντων
1784 2277 1847 2308 τοὺς

1057 2322 1108 2357 μὲν
1119 2322 1288 2354 ἀνεκαλεῖτο,
1300 2322 1364 2354 τοὺς
1377 2322 1404 2349 δὲ
1416 2323 1463 2349 καὶ
1473 2322 1645 2354 ἐπέσκωπτε,
1654 2323 1708 2349 κᾶν
1718 2324 1743 2350 οἱ
1756 2323 1848 2350 πολλοὶ

1056 2367 1102 2394 τὸν
1126 2367 1276 2401 ἀγνοοῦντα
1301 2368 1490 2403 ὑπεκρίνοντο.
1518 2368 1597 2395 Οὕτω
1613 2368 1680 2403 γοῦν
1692 2369 1740 2396 τοῦ
1756 2370 1845 2396 κινδύ-

1056 2421 1104 2440 νου
1122 2413 1231 2445 σωθεὶς,
1251 2415 1407 2449 εἰσέρχεται
1439 2415 1478 2446 εἰς
1507 2414 1558 2449 τὴν
1579 2414 1780 2449 βασιλεύουσαν
1807 2416 1846 2450 ἐφ’

1057 2457 1080 2493 ᾧ
1106 2462 1274 2495 συναγαγεῖν
1300 2459 1380 2492 αὖθις
1411 2460 1605 2496 στρατεύματα
1629 2463 1677 2488 καί
1702 2463 1776 2490 κατὰ
1799 2462 1844 2490 τοῦ

1057 2505 1226 2540 Βαῖμούντου
1243 2506 1381 2541 χωρῆσαι.

211 2548 273 2568 cum
290 2541 447 2570 lectissimis
460 2543 615 2579 quibusque
635 2545 780 2578 comitum,
797 2554 948 2575 conversus
964 2549 997 2576 ad
1018 2549 1104 2577 Gulen
1124 2551 1134 2586 (
1150 2556 1281 2586 paternus
1293 2551 1337 2578 hic
1350 2550 1389 2578 illi
1406 2558 1440 2578 ex
1453 2551 1536 2587 longo
1559 2552 1629 2580 fidus
1664 2557 1726 2581 erat
1757 2554 1842 2581 famu-

754 2605 854 2637 Varim
873 2606 1028 2639 lectiones
1044 2617 1082 2639 ex
1096 2610 1163 2639 cod.
1187 2609 1322 2640 Coislin.

261 2653 283 2668 "
294 2653 468 2688 ἀνερῤίπισε.
504 2654 526 2670 ³⁷
549 2654 777 2690 καταλειφθέντα.
824 2656 846 2672 ’⁸
860 2657 919 2693 ἔχῃ.

967 2659 990 2675 ’³
1072 2657 1149 2686 ³⁰δέ.
1188 2658 1344 2694 ³¹χαλιν6ν.
1387 2658 1410 2675 ⁸³
1433 2648 1559 2693 κουλεοῧ.

749 2716 818 2747 Car.
835 2717 999 2748 Dufresnii
1028 2719 1076 2748 Du
1093 2718 1203 2757 Cangii
1223 2724 1317 2750 notae.

245 2765 302 2798 (50)
320 2766 372 2798 Εἰς
387 2766 471 2792 Θεόν.
485 2766 616 2794 Pietatem
634 2767 732 2800 Alcxii,
747 2773 773 2794 (ιι
785 2774 898 2796 canoras
913 2770 997 2797 animi

207 2800 289 2835 Limus
307 2801 482 2826 commendat
494 2803 575 2828 etiam
591 2803 736 2830 Urdcricus
754 2803 860 2835 Vitatis,
875 2805 919 2832 lib.
937 2813 971 2832 vn
988 2815 996 2832 :

213 2834 567 2874 EH").ithtlll,_pt'ttdett£cl
584 2838 796 2874 probuslaurlnx
820 2834 953 2874 retiurgus
970 2846 994 2868 et

211 2869 486 2908 a::aabilia_omnibus.-
564 2879 625 2908 mox
643 2881 649 2899 :
678 2873 742 2898 Erat
759 2870 870 2900 multum
887 2869 992 2908 skipims

211 2909 235 2930 et
250 2903 400 2931 misericors
417 2905 586 2940 pauperibus,
606 2907 718 2935 bellator
734 2908 811 2943 [ortis
841 2915 864 2936 ct
882 2903 991 2946 attigua-

1054 2772 1152 2803 nimim.
1165 2772 1284 2806 affabilis
1300 2774 1442 2804 militibus,
1463 2780 1654 2807 munerumque
1679 2773 1762 2800 dator
1786 2774 1839 2800 Inr-

1050 2808 1204 2840 gt‘sssimus,
1226 2809 1323 2835 divina:
1340 2809 1404 2843 legis
1418 2810 1524 2839 ~cultor
1550 2808 1744 2836 devotissimus.
1783 2809 1837 2835 Fuit

1051 2843 1278 2871 tamenAlexins.
1311 2848 1340 2871 ut
1379 2845 1418 2871 ait
1452 2844 1708 2871 Malmesbttricnsis
1751 2844 1795 2871 lib.
1810 2851 1836 2874 ιι,

1048 2878 1150 2916 astutia
1165 2882 1190 2903 et
1209 2879 1361 2916 fraudibus,
1374 2888 1453 2916 quam
1479 2879 1613 2913 probitate
1646 2879 1747 2907 notior.
1781 2878 1836 2906 \‘id.

1047 2911 1168 2946 Annam,
1180 2921 1242 2948 pag.
1260 2913 1324 2941 9.51.
