1867 3046
41 117 94 150 417

678 115 885 147 ALEXIADIS
899 116 972 147 LIB.
993 117 1026 148 ν.

1615 114 1668 148 ιίῐ8

39 173 149 211 placing]
166 173 249 210 μέρος
257 172 431 206 καταλαϐὼν,
444 171 493 200 καὶ
504 172 692 209 περιαθρήσας
702 173 752 209 τὴν
761 174 824 200 ᾶπα-

922 175 980 201 sine
996 181 1078 202 sensu
1096 173 1256 202 Latinorum
1273 174 1383 208 faceret,
1398 175 1455 210 jam
1476 179 1532 203 tum
1549 183 1564 203 a
1580 176 1667 210 prima

39 229 88 248 σαν
101 221 148 247 τοῦ
161 220 246 247 τόπου
263 220 349 252 θέσιν,
371 219 583 255 χθαμαλώτερον
599 219 680 245 τόπον
693 219 826 254 κατανοή-

40 276 98 299 σας,
108 267 194 293 ἐκεῖθι
209 266 280 302 μετὰ
290 266 344 293 τῶν
358 265 587 300 συνεφεπομένων
600 264 675 300 αὐτῷ
683 264 769 299 λόχων
780 262 824 299 ἢν.

40 312 72 338 οι
82 312 111 338 δὲ
125 312 260 348 ἡγεμόνες
269 312 322 338 τῶν
332 311 496 346 Ῥωμαϊκῶν
504 311 663 345 ταγμάτων,
677 311 796 346 ὁπηνίκα
813 311 828 337 ὸ

39 358 166 397 βασιλεὺς
188 358 380 392 προλοχήσειν,
408 357 446 388 ὡς
466 357 574 392 εἴρηται
587 356 765 391 ἐπειγόμενος
777 356 829 392 τὴν

36 404 83 430 τοῦ
101 403 296 431 Δειὸοτανίνου
315 403 336 419 ⁸¹
359 402 520 437 κλεισούραν
542 402 697 437 διέρχεσθαι
711 402 822 437 ἔμελλε,

35 449 189 485 τηνικαῦτα
207 449 355 477 ἀποσπὰδα
376 449 398 465 ⁸⁵
420 449 478 476 τῶνΙ
501 449 666 484 Ῥωμαϊκῶν
689 448 829 476 amatam-

38 505 112 531 μενοι
127 497 277 531 ταγμάτων
294 497 366 524 κατὰ
388 496 444 523 τῶν
466 495 578 522 Κελτῶν
591 495 764 530 ἐξέπεμψαν,
783 495 829 530 ἐφ’

36 540 57 576 ᾧ
71 544 142 579 πρὸς
159 544 273 576 ἑαυτοὺς
287 543 407 574 ἑλκύσας
423 542 445 559 ⁸³
459 542 496 574 ὡς
512 542 551 578 μὴ
566 542 724 577 ἐκεχειρίαν
739 542 828 577 ἔχοιεν

37 589 181 623 φωρᾶσοαι
194 588 216 604 ⁸⁵
234 588 278 615 τδν
292 588 483 623 αὐτοκράτορα
497 588 558 614 ὅποι
575 587 598 603 ⁸⁸
611 588 769 622 πορεύεται.
796 587 829 614 0!

37 636 95 666 καὶ,
108 634 179 670 πρὸς
192 635 241 670 τὴν
261 635 373 661 πεδιάδα
389 633 577 666 κατελθόντες,
591 633 760 669 προσέᾶαλον
773 633 829 664 τοῖς

37 681 162 712 Κελτοῖς,
186 680 235 706 καὶ
261 680 305 714 ἐφ’
330 680 424 706 ἱκανὸν
452 678 640 714 μαχεσάμενοι
670 678 828 712 διέστησαν,

37 726 85 760 τῆς
102 727 203 758 νυκτὸς
221 726 268 752 ἀπ’
284 726 347 761 ἄρτι
366 725 403 760 μὴ
425 725 648 760 παραχωρούσης
661 725 711 759 τὴν
727 723 827 759 μάχην.

38 771 207 799 Καταλαεὼν
235 772 263 798 δὲ
285 772 331 798 τὸν
361 771 535 806 σκοπηθέντα
549 771 630 798 τόπον
656 771 671 797 ὀ
699 769 829 805 βασιλεὺς

877 219 1047 246 discessione
1060 219 1121 254 ejus
1135 240 1141 251 ,
1158 220 1269 255 quando
1287 221 1443 248 Libotanini
1470 222 1570 248 saltum
1585 222 1669 256 coepit

878 265 983 300 ingredi
999 266 1032 292 ad
1050 265 1211 293 insidiarum
1228 267 1318 294 locum
1340 266 1467 299 tendens,
1485 267 1570 295 duces
1587 274 1669 294 exer-

879 312 950 339 citus
964 311 1081 339 Romani
1096 313 1223 340 cohortes
1238 313 1371 347 quasdam
1390 314 1416 340 in
1436 313 1552 340 Latinos
1574 313 1669 340 immi-

879 358 997 384 serunt:
1014 358 1061 392 qui
1080 358 1249 391 prodeuntes
1262 358 1317 386 illis
1330 358 1439 386 obviam
1454 366 1570 393 pugnam
1596 365 1670 385 com-

879 403 1013 430 miserunt
1027 404 1054 430 in
1071 403 1193 439 planitie,
1211 404 1301 439 quoad
1318 412 1370 431 nox
1386 405 1518 438 ingruens
1539 404 1668 432 recedere

879 454 1011 485 utrosque
1027 449 1061 477 ad
1075 457 1124 477 sua
1135 451 1234 485 coegit.
1246 452 1280 477 At
1295 450 1444 484 imperator
1472 450 1516 478 ubi
1539 450 1670 485 designa-

880 498 936 522 tum
967 495 1059 523 locum
1091 495 1172 532 ιω
1198 496 1306 528 tenuit,
1329 497 1441 524 desilire
1466 498 1582 524 comites
1603 504 1670 525 suos

881 546 977 567 omnes
1001 547 1034 568 ex
1054 541 1133 575 equis
1158 541 1265 576 jussit,
1287 549 1414 577 gentique
1432 542 1522 576 posito
1547 542 1671 570 habena.

883 584 1025 613 frenorum
1044 590 1137 614 tenere
1158 588 1296 616 manibus.
1315 587 1393 621 Quod
1415 588 1475 623 ipse
1491 588 1618 615 similiter
1631 588 1671 616 fe-

881 631 941 664 cit,
969 632 1116 660 admovens
1133 640 1162 660 sc
1195 633 1314 667 humili,
1338 642 1419 669 queui
1449 633 1519 662 forte
1549 635 1669 669 reperit.

882 677 1051 714 Trissagiuis
1069 678 1173 712 frutici,
1190 679 1235 706 ubi
1255 679 1334 707 freno
1364 688 1444 707 manu
1472 686 1599 716 correpto
1623 688 1670 716 ge—

883 725 1020 759 nibusque
1034 726 1143 760 positis.
1160 725 1260 754 deinde
1275 733 1323 761 per
1333 730 1440 754 noctem
1458 727 1589 762 reliquam
1606 735 1672 763 pro-

882 770 978 798 cubuit
996 771 1023 797 in
1041 770 1149 799 faciem.

38 819 163 851 ἅπαντας
188 819 325 854 ἀποϐῆναι
348 819 404 845 τῶν
421 819 513 845 ἵππων
530 818 639 844 ἐκέλευε
663 817 698 850 ⁸⁵,
714 817 761 844 καὶ
779 818 826 844 ὲπὶ
845 817 910 852 γόνυ
926 818 1068 850 κλιθέντας
1086 819 1149 850 τοὺς
1165 819 1295 854 χαλινοὺς
1327 821 1406 855 χερσὶ
1430 821 1568 855 κατέχειν.
1605 821 1663 848 Καὶ

38 867 114 898 αὐτος
132 867 173 899 δὲ,
188 867 351 902 χαμαιδρύῳ
370 867 538 902 περιτυχὼν,
556 865 687 897 ὡσαύτως
701 865 877 897 κατακλιθεὶς
889 865 935 892 τὸν
950 866 1058 901 χαλινὸν
1072 868 1102 894 ὲν
1118 867 1197 903 χερσὶ
1230 868 1357 904 κατήχων
1391 869 1438 896 ἐπὶ
1461 870 1607 904 πρόσωπον
1639 869 1671 896 τὸ

38 914 181 940 ἐπίλοιπον
195 914 245 948 τῆς
265 913 360 945 νυκτὸς
375 913 478 939 ἔκειτο.

76 959 250 994 Ἀνίσχοντος
266 958 294 985 δὲ
309 958 356 985 τοῦ
376 958 454 993 ἡλίου
473 958 534 984 ἐπεὶ
549 959 583 985 τὰ
599 958 665 990 τῶνῖ
682 957 824 993 Ῥωμαίων

920 955 1028 984 Oriente
1047 963 1111 983 vero
1127 956 1194 990 sole,
1211 963 1274 985 cum
1297 956 1413 985 vidisset
1434 957 1602 987 Baimundus
1628 960 1673 987 in-

38 1007 169 1042 τάγματα
189 1005 262 1032 κατὰ
284 1005 431 1039 φάλαγγας
458 1005 593 1038 ἱστάμενα
620 1005 634 1031 ὀ
659 1005 828 1039 Βαϊμοῡντος

39 1053 184 1086 ἐθεάσατο,
200 1053 251 1084 τάς
274 1061 303 1078 τε
319 1051 463 1087 βασιλικὰς
478 1050 599 1086 σημαίας
620 1051 668 1078 καὶ
688 1051 723 1078 τὰ
738 1051 828 1086 ἀργυ-

38 1100 119 1134 ρόηλα
132 1100 248 1134 δόρατα.
260 1099 323 1130 τοὺς
337 1098 437 1129 ἵππους
453 1097 523 1132 μετὰ
533 1097 588 1124 τῶν
602 1096 751 1132 βασιλικῶν
766 1098 830 1132 ἐρυ-

38 1145 109 1180 opm
127 1145 301 1180 ὲφεστρίδων
317 1144 355 1176 ὡς
367 1144 445 1175 -ὲνδν,
461 1143 509 1169 καὶ
523 1143 605 1175 αὐτὸς
619 1143 670 1178 τὴν
686 1143 753 1170 ἰδίαν
768 1144 830 1170 κατ’

37 1191 125 1218 αὐτῶν
153 1192 342 1226 κατεστήσατο
365 1190 510 1223 φάλαγγαν
529 1189 551 1205 ⁸⁷
577 1189 640 1224 διχῆ
663 1189 759 1216 διελὼν
781 1189 831 1222 τὰς

37 1236 183 1272 δυνάμεις,
207 1237 258 1263 καὶ
280 1235 335 1262 τῶν
358 1236 408 1270 μὲν
431 1235 514 1267 αὐτὸς
535 1235 695 1270 κατάρχων,
720 1235 775 1262 τῶν
802 1235 830 1262 δὲ

38 1283 243 1317 φαλαγγάρχην
259 1282 306 1308 τὸν
323 1282 452 1316 Βρυὲνιον
479 1281 535 1317 (56)
568 1282 754 1317 καταστήσας.
775 1282 832 1308 Λα-

40 1331 110 1360 τῖνος
130 1329 160 1355 δὲ
186 1324 266 1360 οὗτος
287 1328 342 1354 τῶν
361 1327 513 1361 ἐπιφανῶν,
537 1327 567 1354 ὃν
583 1328 631 1354 καὶ
652 1327 831 1354 κονοσταῦλον

39 1374 201 1409 ὠνόμασαν.
219 1373 298 1400 Οὕτω
313 1373 379 1408 γοῦν
399 1374 448 1405 τὰς
472 1374 540 1405 ῑδῐας
555 1373 733 1408 καταστήσας
749 1374 831 1400 δυνά-

41 1429 113 1456 μεις,
135 1421 168 1447 τὺ
183 1420 299 1454 σύνηθες
328 1421 376 1446 καὶ
390 1420 473 1446 πάλιν
496 1421 579 1450 ποιεῖ,
602 1420 649 1446 καὶ
676 1420 747 1446 κατὰ
765 1419 831 1453 μέτ-

40 1474 115 1492 ωπον
138 1465 192 1500 τῆς
206 1464 387 1500 παρατάξεως
399 1465 452 1498 ὅπη
464 1464 497 1491 τὰ
510 1464 636 1500 βασιλικὰ
653 1465 726 1500 ἐώρα
742 1465 832 1500 παρά-

41 1520 126 1546 σημα,
149 1512 211 1537 ἐκεῖ
229 1519 270 1537 τοι
290 1511 313 1526 ⁸⁸
337 1510 528 1544 αὐτοκράτορα
552 1508 666 1544 νομίσας
694 1507 778 1542 εἶναι,
793 1509 832 1541 ὡς

40 1558 172 1592 πρηστὴρ
195 1557 252 1588 τοῖς
269 1557 444 1591 φαινομένοις
465 1554 607 1590 ἐμπίπτει.
632 1555 663 1581 0i
678 1554 718 1587 δὲ,
733 1555 831 1590 μικρὸν

40 1603 228 1638 ἀντισχόντες,
242 1602 277 1628 τὰ
302 1603 376 1628 νῶτα
390 1601 478 1636 τούτῳ
489 1601 608 1628 διδόασιν
619 1608 625 1616 ·
645 1601 658 1627 ὀ
672 1601 701 1627 δὲ
718 1600 832 1632 τούτους

38 1648 147 1675 διώκων
183 1647 299 1673 ὄπισθεν
329 1647 447 1682 ἤλαυνεν
475 1646 616 1681 ἀκρατῶς,
644 1645 683 1677 ὡς
712 1647 726 1672 ὁ
752 1645 831 1679 λόγος

884 1008 1017 1032 structam
1031 1002 1182 1030 Romanam
1208 1004 1294 1031 aciem
1319 1011 1352 1031 ac
1377 1005 1455 1040 signa
1481 1013 1511 1032 ca
1535 1007 1670 1040 producta

881 1058 943 1086 quae
955 1058 1007 1077 non
1023 1050 1076 1077 nisi
1091 1050 1258 1084 imperatore
1273 1056 1408 1084 przescnte
1422 1071 1430 1084 ,
1445 1055 1472 1078 et
1498 1051 1525 1078 in
1554 1059 1584 1079 ea
1616 1053 1669 1080 loci

882 1099 959 1131 parte
973 1094 1018 1122 ubi
1034 1095 1091 1129 ipse
1108 1099 1151 1122 est
1167 1095 1236 1129 erigi
1255 1102 1438 1128 consuevere,
1453 1096 1547 1124 hastas
1561 1104 1670 1132 quoque

882 1138 1021 1173 argenteis
1033 1139 1180 1166 distinctas
1197 1139 1284 1166 clavis
1298 1159 1305 1171 ,
1323 1142 1464 1175 proprium
1490 1142 1598 1177 insigne
1621 1143 1672 1170 ini-

882 1184 962 1212 litum
993 1184 1188 1218 imperatorem
1214 1185 1337 1220 proxime
1362 1186 1536 1220 stipautiunt,
1584 1195 1671 1222 equos

882 1232 1001 1266 denique
1016 1231 1162 1266 purpureis
1180 1232 1318 1266 tapetibus
1331 1232 1476 1264 instratos.
1502 1233 1571 1261 nihil
1593 1235 1674 1262 dubi-

884 1282 944 1305 tans
959 1277 1024 1311 quin
1047 1277 1084 1304 ibi
1099 1280 1173 1304 esset
1185 1277 1342 1312 Augustus,
1361 1278 1447 1305 aciein
1458 1283 1484 1306 et
1500 1279 1558 1314 ipse
1577 1285 1672 1308 contra

882 1330 959 1349 suam
971 1323 1072 1357 dirigit,
1083 1322 1171 1356 copiis
1186 1322 1315 1350 bifariam
1329 1323 1425 1351 divisis
1438 1328 1543 1359 partem
1556 1325 1671 1354 alteram

882 1370 935 1397 sibi
951 1371 1008 1405 ipse
1021 1370 1187 1397 duetandam
1202 1372 1330 1405 sumpsit,
1352 1371 1430 1398 alteri
1442 1372 1587 1408 Bryenium
1604 1381 1671 1407 prae-

882 1416 958 1443 fecit.
976 1416 1092 1443 Latinus
1107 1415 1152 1444 hic
1166 1421 1225 1444 erat
1239 1424 1271 1444 ex
1286 1417 1439 1445 illustribus
1464 1426 1546 1453 quem
1563 1424 1590 1446 et
1619 1419 1673 1447 Co-

882 1461 1039 1488 nostablum
1066 1460 1215 1488 vocabant.
1244 1459 1290 1488 Sic
1315 1460 1472 1489 distributis
1505 1462 1672 1490 Baimundus

882 1506 981 1542 copiis,
996 1505 1054 1540 ipse
1070 1506 1098 1533 in
1122 1506 1189 1533 aciei
1217 1505 1347 1534 Romana:
1371 1506 1512 1540 frontem,
1534 1507 1579 1535 tibi
1611 1515 1673 1536 esse

883 1552 1073 1587 imperatorem
1103 1560 1135 1579 ex
1163 1551 1250 1588 signis
1280 1554 1453 1585 autumabat.
1484 1558 1596 1588 repente
1623 1562 1673 1590 pro

883 1606 958 1626 more
972 1606 1023 1626 suo
1039 1599 1154 1626 solemni
1178 1599 1230 1626 ritu
1258 1600 1329 1634 ignei
1357 1599 1476 1627 turbinis
1502 1600 1644 1628 invehltur
1663 1621 1671 1634 ,

883 1652 952 1672 vana
974 1646 1066 1680 specie
1082 1645 1255 1672 mendacium
1275 1650 1339 1673 tunc
1370 1646 1510 1681 signorum
1540 1648 1567 1674 in
1595 1655 1671 1683 spem

40 1695 147 1729 φθάσας
179 1680 345 1728 ἐδήλωσεν..
363 1692 393 1719 '0
421 1680 519 1728 μέντοι
539 1691 678 1727 βασιλεὺς.
702 1691 737 1718 τὰ
767 1691 823 1719 ι’δια

920 1692 985 1719 itam
1004 1692 1158 1727 opimorum
1178 1693 1331 1726 spoliorum
1357 1693 1457 1720 elatus.
1485 1693 1619 1725 Romani,
1644 1699 1674 1722 ut

38 1740 168 1775 τάγματα
186 1738 234 1765 ἐπὶ
251 1739 317 1766 πολῦ
331 1738 468 1774 φεύγοντα
481 1737 553 1773 ὁρῶν
569 1738 616 1764 καὶ
630 1738 677 1764 τὸν
691 1737 831 1773 Βαῐμοῦν-

887 1738 1066 1766 constitutum
1082 1741 1154 1770 erat,
1176 1743 1251 1773 terga
1278 1738 1371 1766 statim
1396 1743 1528 1773 vertunt;
1550 1746 1599 1767 eos
1628 1740 1673 1768 ille

561 1795 661 1827 Variae
677 1796 832 1828 lectiones
845 1804 884 1827 ex
903 1796 974 1827 cod.
998 1795 1137 1827 Coislin.

55 1851 77 1868 ⁸¹
94 1850 290 1879 Λιῦοτανίνου.
313 1850 336 1866 ⁸⁸
346 1849 491 1878 ἀποσπάδα
507 1849 580 1877 τινά.
610 1849 634 1865 ⁸³
642 1849 767 1878 ἑλκύσαι.
784 1850 808 1866 ⁵⁸
819 1849 957 1886 φωρᾶσαι.
988 1849 1011 1866 ⁸⁸
1024 1850 1088 1884 ὅπη.
1123 1848 1147 1864 ¹⁶
1158 1848 1295 1876 ἐκέλευσε.
1322 1849 1345 1866 ⁸⁷
1352 1849 1491 1884 φάλαγγα.
1507 1849 1530 1866 ⁸⁸
1542 1850 1602 1877 ἐκεῖ
1613 1851 1673 1882 τόν,

557 1896 629 1929 Car.
645 1896 811 1928 Dufresnii
827 1899 875 1929 Du
899 1897 1012 1936 Cangii
1034 1898 1128 1928 notae.

75 1948 133 1981 (56)
155 1945 311 1980 Βρυένιον.
337 1944 389 1979 Qui
414 1945 559 1973 Guillelmo
580 1946 659 1981 Apul.
697 1946 824 1974 Brienus.

40 1980 136 2012 Genus
152 1982 273 2010 ducebat
289 1981 344 2013 ille,
359 1988 412 2007 non
428 1988 461 2007 ex
492 1980 593 2008 familia
605 1980 738 2009 comitum
756 1981 832 2009 Brie-

41 2019 174 2047 nensium
210 2017 237 2043 in
260 2015 409 2050 Campania
429 2014 548 2050 Belgica,
575 2016 624 2044 sed
646 2024 660 2043 a
681 2017 830 2044 comitibus

39 2062 89 2083 seu
110 2052 233 2080 ducibus
248 2051 398 2078 Britannia:
410 2051 575 2084 Armoricae;
592 2051 664 2078 unde
680 2059 694 2078 a
716 2051 832 2079 Francis

40 2093 147 2120 ortutn,
163 2092 192 2114 et
204 2087 258 2112 τῶν
272 2085 421 2119 ἐπιφανῶν,
435 2085 486 2113 hoc
501 2092 556 2119 est,
571 2094 603 2113 ex
622 2087 829 2119 illustrioribus,

40 2124 128 2151 fuisse
145 2122 250 2150 dicitur
266 2121 301 2147 ab
316 2121 405 2147 Anna.
422 2120 551 2147 llrienum
566 2122 640 2148 enim
656 2121 731 2148 illum
755 2129 827 2154 esse,

42 2167 90 2187 seu
105 2158 263 2188 Brienium,
276 2155 356 2188 cujus
371 2156 473 2182 mentio
490 2156 612 2183 occurrit
638 2155 709 2190 apud
726 2155 830 2183 Willel-

42 2201 116 2221 tuum
135 2191 366 2221 Gemeticensem,
387 2191 434 2218 lib.
454 2199 501 2221 vn,
517 2198 578 2225 cap.
595 2191 644 2224 M;
663 2191 828 2218 Ordericum

40 2228 177 2260 Vitalem,
198 2227 246 2253 lib.
270 2233 307 2254 tv.
334 2225 366 2251 ad
392 2233 436 2252 an.
459 2225 539 2258 1068.
555 2231 582 2254 et
603 2225 737 2253 Thomam
753 2225 830 2253 Wal-

42 2264 222 2298 singhamum
237 2260 390 2298 _probabile
414 2266 457 2287 est
467 2262 588 2298 »;A|i|iurm
606 2261 709 2298 scilicet
725 2260 830 2298 Odonis

40 2295 390 2328 Retimiensis,Petttcttri:e
402 2296 521 2327 comitis,
532 2297 611 2322 Alani
625 2297 669 2329 Ill,
683 2297 830 2324 Britanniae

40 2334 119 2361 ducis
150 2336 292 2366 nepotem,
315 2331 361 2364 qui
389 2330 556 2366 Willelmuui
584 2330 722 2364 Nothutn,
750 2332 831 2365 cujus

42 2369 170 2402 Diploma
183 2364 232 2400 pro
247 2364 413 2402 monasterio
436 2366 655 2402 Sandionysiano
679 2364 829 2394 subscribit

41 2401 112 2438 apud
131 2401 311 2432 Doubletuui,
325 2401 372 2438 lib.
394 2408 435 2433 tu,
449 2407 509 2434 cap.
527 2401 623 2438 12.7inr
639 2402 763 2436 Angliam
788 2410 829 2429 se-
842 2408 869 2438 1)

41 2437 133 2469 cutus,
151 2443 244 2463 rerutn
261 2437 390 2469 praeclare
405 2441 543 2470 gestarum
556 2437 641 2469 gloria
656 2445 711 2463 non
723 2437 829 2464 modice

41 2473 187 2504 inclaruit,
200 2471 269 2497 fusis
284 2474 311 2496 et
323 2471 417 2507 deletis
428 2470 535 2507 duobus
547 2470 656 2498 Haraldi
670 2473 740 2507 regis
754 2472 828 2499 ﬁliis.

41 2509 69 2535 In
88 2508 199 2534 Italiam
216 2510 308 2539 postea
332 2506 482 2540 profectus,
501 2506 683 2533 Guiscardum
704 2506 788 2537 adiit.
813 2515 829 2534 a

40 2551 94 2577 quo
115 2541 330 2572 eonstabularii,
349 2549 409 2577 qua;
428 2545 484 2568 tum
500 2548 628 2575 suprema
648 2546 718 2574 erat,
740 2542 830 2576 digni-

42 2575 126 2605 tatem
146 2577 278 2606 obtinuit,
294 2575 365 2610 quod
381 2575 426 2602 hic
436 2577 544 2612 Vindicat
561 2577 640 2604 Anna
656 2585 730 2612 :qua
747 2575 829 2604 etiam

42 2613 221 2647 fungebatur,
237 2618 301 2647 cum
320 2617 398 2646 capta
416 2611 451 2647 ab
469 2611 575 2644 Alexio,
593 2612 638 2647 cui
653 2611 698 2638 ille
714 2616 832 2646 praeerat

40 2645 170 2675 Cas—toria
184 2649 192 2680 (
205 2648 241 2681 '),
263 2645 290 2672 in
305 2645 421 2681 patriam
438 2646 489 2673 hoc
504 2650 556 2680 est,
574 2647 600 2673 in
616 2645 731 2680 ltaliani,
750 2647 830 2681 302

41 2684 134 2710 rediit.
151 2680 224 2708 Nam
237 2682 290 2708 sub
314 2680 432 2716 Iiogerio
454 2682 534 2713 duce,
563 2681 713 2709 Boemundi
735 2680 832 2715 hirti-ej

41 2720 67 2745 in
82 2718 185 2752 Apulia
211 2722 238 2744 et
252 2716 376 2743 Calabria
396 2717 492 2744 eodem
510 2718 632 2744 functum
648 2724 761 2744 tnunere
783 2717 832 2744 do-

41 2761 104 2780 cent
121 2757 230 2779 veteres
244 2754 347 2788 charta:
359 2759 493 2788 annorum
505 2752 582 2788 71095
606 2757 633 2780 et
654 2752 734 2788 1997,
759 2760 830 2788 quas

40 2789 151 2823 profert
192 2788 219 2814 in
256 2787 391 2821 episcopis
431 2787 635 2824 Melphensibus
668 2787 830 2816 Fernaudus

69 2836 114 2870 (Ἰ
127 2836 209 2864 Anna,
220 2841 277 2867 pug.
291 2833 344 2863 145,
359 2833 411 2859 152.

887 1946 1029 1982 lighellus.
1048 1945 1125 1973 Unde
1141 1951 1214 1981 patet
1231 1947 1358 1975 Brienum
1374 1954 1425 1975 non
1440 1946 1602 1980 Boemundi,
1623 1948 1673 1976 sed

885 1981 1011 2017 §Oberti.
1029 1989 1077 2009 seu
1094 1984 1184 2017 potius
1202 1984 1306 2017 Apulia
1323 1983 1559 2010 conslahularitun
1575 1983 1669 2011 fuissv.

885 2015 1036 2045 Boemundi
1051 2015 1116 2044 vero
1140 2015 1363 2046 constabularius
1383 2022 1551 2045 memoratur
1573 2019 1672 2046 nobilis

885 2051 1204 2089 gorniatinus,_nomine
1223 2053 1339 2089 Ilgyrus,
1356 2053 1416 2089 qui»
1428 2052 1615 2089 Boemunduut
1643 2054 1671 2081 in

885 2085 1000 2114 Galliam
1017 2086 1165 2115 comitatus
1182 2085 1343 2115 venii'anno
1365 2085 1449 2118 “06.
1469 2092 1498 2117 ut
1518 2093 1615 2115 auctor
1631 2094 1672 2116 est

883 2120 1046 2157 Eadmerus.
1059 2122 1108 2149 lib.
1126 2130 1152 2149 tv
1165 2122 1311 2155 Natorum,
1324 2130 1339 2149 a
1350 2130 1405 2157 qtto
1418 2122 1544 2157 Magister
1555 2123 1672 2150 militum

883 2156 1031 2183 Boemundi
1043 2157 1204 2191 appellatur.
1219 2159 1259 2184 Ab
1272 2158 1323 2185 hoc
1337 2156 1437 2184 Brietto
1464 2156 1595 2184 familiam
1621 2159 1671 2184 ba-

885 2199 981 2219 ronum
998 2192 1086 2219 Castri
1102 2191 1206 2223 Brieni,
1228 2200 1275 2219 seu
1292 2193 1325 2219 de
1345 2192 1540 2220 Citateoubrien
1566 2193 1592 2219 in
1609 2192 1670 2219 Bri-

884 2226 1158 2261 tanniaArmorit-a,
1186 2227 1292 2254 orditur
1316 2228 1487 2261 Augustinus
1502 2228 1538 2254 du
1563 2226 1618 2253 Pas
1641 2228 1668 2254 in

884 2260 987 2289 Famil.
1000 2263 1131 2289 Armoric.
1149 2262 1215 2290 Vide
1229 2262 1309 2290 Gesta
1324 2260 1415 2297 Steph.
1430 2270 1484 2296 reg.
1497 2262 1575 2297 Augl.
1592 2262 1640 2290 lib.
1662 2271 1670 2290 I

883 2303 910 2332 et
927 2305 966 2329 tt;
984 2303 1010 2324 et
1022 2297 1216 2331 Argentreum,
1232 2297 1260 2324 in
1275 2297 1347 2332 Hist.
1361 2297 1429 2325 Brit.
1446 2297 1493 2324 lib.
1506 2305 1543 2329 tv,
1555 2305 1615 2332 cap.
1625 2297 1671 2324 40.

882 2331 1016 2368 glacierum
1028 2333 1151 2366 praelium
1165 2332 1236 2360 istud
1249 2333 1282 2360 ad
1297 2331 1437 2360 Larissam
1450 2333 1491 2360 sic
1505 2331 1670 2368 pchIriugit

883 2366 1046 2395 Guillelmus
1065 2367 1222 2402 Apuliensis
1237 2374 1245 2397 :

919 2423 1062 2450 Obsidione
1078 2432 1132 2451 suo:
1153 2426 1274 2451 turbatus
1290 2423 1398 2450 Metius
1412 2423 1486 2450 urbis

921 2458 1064 2495 I_nimmer_q
1081 2467 1139 2485 cum
1158 2464 1232 2495 gente
1248 2460 1327 2490 venit,
1348 2467 1515 2493 pugnantque
1529 2458 1632 2486 virilem

920 2493 1021 2521 Contra
1037 2493 1208 2521 Normannos
1222 2495 1349 2521 exercuit.
1368 2495 1452 2521 Obvia
1470 2502 1582 2528 namque

919 2530 1067 2564 Pugnantia
1085 2529 1161 2556 cwdit
1176 2530 1224 2556 sibi
1241 2538 1302 2564 gens
1316 2530 1446 2556 comitata
1465 2528 1602 2561 Brienum,

921 2563 983 2600 Non
996 2565 1126 2590 modicum
1137 2563 1258 2598 spectaris
1268 2564 1441 2591 Boamundus
1448 2565 1558 2590 collibus
1565 2572 1671 2600 agmen,

918 2598 1030 2632 Imperii
1046 2600 1147 2633 pariter
1165 2604 1294 2626 rectorem
1310 2600 1393 2626 credit
1411 2600 1514 2626 adesse.

922 2634 1018 2666 lrruit,
1034 2639 1058 2660 et
1074 2635 1190 2668 trepidos
1206 2636 1307 2666 hostes,
1319 2640 1347 2661 ut
1365 2635 1439 2661 uisus
1456 2634 1583 2666 alaudar,

919 2669 1084 2705 Insequitur.
1095 2670 1193 2705 populo
1208 2669 1361 2697 ercorum
1373 2671 1504 2696 exercitus
1521 2669 1601 2703 hujus

919 2705 1002 2739 Terga
1016 2705 1082 2731 dat:
1099 2710 1125 2731 at
1140 2704 1234 2732 'tantus
1251 2705 1366 2732 contexit
1381 2705 1467 2739 pulvis
1481 2709 1633 2738 utrumque,

922 2739 956 2767 Ut
973 2745 1064 2767 neuter
1078 2741 1176 2772 videat,
1196 2748 1323 2775 quorsum
1342 2747 1405 2775 pars
1422 2740 1507 2766 altera
1524 2741 1618 2767 tendit.

920 2775 1020 2803 Abdita
1034 2775 1160 2803 silvarum
1182 2774 1243 2803 victi
1254 2777 1351 2811 petiere
1362 2774 1482 2810 Pelasgi.
