1867 3046
183 98 236 130 423

833 95 948 127 ᾹΝΝΕ
967 94 1067 126 COMN
1074 93 1159 124 ENA!

1767 82 1827 119 δὶα(

184 157 256 188 bria,
272 153 461 183 comedentem
480 161 557 186 uvas,
574 152 714 188 simulque
730 152 894 180 insolentius
913 153 967 187 glo-

1065 160 1073 176 ι
1087 150 1163 176 δόλον
1178 148 1226 176 καὶ
1244 149 1295 186 τὴν
1304 149 1339 176 δι’
1355 150 1464 186 ἀπάτης
1479 149 1558 184 νίκην
1575 146 1623 175 τοῦ
1647 146 1827 182 αὐτοκράτο-

184 203 314 234 riantem,
332 201 424 228 verbis
445 200 508 233 illis,
526 208 587 235 qum
605 200 704 228 deinde
720 199 747 226 in
769 199 908 235 vulgarem
927 199 974 226 ab-

184 251 276 278 ierunt
292 248 374 276 irrisa
387 248 565 275 cantilenam.
592 246 742 281 Repetebat
767 246 839 272 enim
854 245 955 280 smpius
967 264 976 277 ,

185 295 324 323 notionem
339 294 462 321 nominis
477 293 643 329 Lycostomii
658 292 785 320 alludens
799 313 807 325 ,
826 292 977 319 festivitate

183 348 280 376 parum
294 341 407 368 decente
419 340 566 367 barbarum
580 347 612 367 os
624 359 631 371 ,
645 346 701 366 sese
724 339 847 365 Alesiam
872 338 899 365 in
922 338 978 371 lupi

185 388 275 421 fauces
295 386 447 421 conjecisse.
461 386 498 413 En
516 389 547 412 ut
559 391 631 413 caeca
646 384 771 420 superbia
783 388 844 417 est,
859 383 974 411 abscon-

187 433 256 461 dcns
272 434 366 460 multis
379 433 504 467 quamvis
518 431 619 466 alioqui
634 431 752 462 callidis,
768 438 829 465 quae
843 437 896 464 pra:
913 437 977 457 ocu-

187 476 223 504 lis
238 480 265 505 et
280 481 345 504 ante
358 476 441 510 pedes
455 476 574 503 habent!
592 475 701 503 Auditis
729 483 794 502 vero
809 474 978 502 Baitnuudus

186 521 294 549 nuntiis
324 520 434 556 Brycnii
448 541 457 554 ,
471 521 590 556 doloque
611 521 768 554 intellecto,
797 527 830 547 ac
862 519 977 547 victoria

155 584 158 585 ν
187 567 363 602 imperatoris
382 567 479 594 fraude
489 572 579 602 parta,
596 572 752 595 commotus
764 572 807 594 est
823 566 933 602 quidem
949 569 980 593 ut

185 621 235 648 par
249 619 326 643 erat:
344 618 433 641 tamen
449 615 541 641 animo
558 621 612 640 non
631 613 770 646 concidit,
784 617 839 640 tam
857 613 919 640 forti
937 616 980 639 at-

185 667 240 693 que
255 659 288 686 ad
305 659 471 694 sperandum
492 659 625 694 pertinaci
649 660 691 686 vir
706 659 751 686 hic
778 663 839 686 erat
863 658 976 685 indole!

185 704 294 739 Raptim
315 713 381 740 ergo
396 705 475 733 electi
494 705 529 732 ab
543 712 575 732 eo
588 705 757 740 cataphracti
777 704 886 739 quidam
905 703 977 731 Galli

185 752 377 778 conecendunt
403 751 537 778 tumulum
563 758 579 778 e
603 752 714 786 regione
739 750 856 778 Larissae
881 749 976 777 situm.

183 797 239 824 Eos
251 797 286 824 ibi
305 798 387 825 simul
409 796 550 824 Romanus
574 797 714 824 exercitus
736 796 821 828 vidit,
845 795 976 823 concordi

1029 206 1086 231 ρος,
1106 196 1204 231 ἤχθετο
1217 195 1266 231 μὲν
1281 196 1319 228 ὠς
1334 196 1587 230 είκδ;,‹κατέπιπτε
1601 193 1631 220 δὲ
1646 193 1776 228 οὐδαμῶς
1794 194 1831 219 ὁ-

1029 245 1106 274 ποῖος
1138 243 1253 273 ἐκεῖνος.
1289 242 1502 278 Ἀποκριοέντες
1530 241 1578 267 οὖν
1608 248 1682 271 τινες
1701 239 1757 266 τῶν
1773 238 1828 265 ὑπ’

1028 289 1104 323 αὐτῷ
1117 288 1140 305 ⁸⁸
1155 289 1345 323 κατάφρακτοι
1358 289 1457 315 Κελτοὶ
1472 286 1587 323 ἀνῆλθον
1601 287 1643 318 είς
1662 284 1830 321 ἀκριῦρειὰν

1029 343 1091 362 τινα
1108 334 1254 361 κατέναντι
1266 334 1316 369 τῆς
1333 335 1475 369 Λαρίσσης
1487 333 1678 368 διακειμένην.
1697 331 1831 361 Τούτους

1029 380 1061 407 τὸ
1076 380 1217 407 ὁπλιτικὸν
1233 380 1409 414 Θεασάμενοι,
1422 379 1470 412 ξὺν
1482 379 1567 414 πολλῇ
1589 377 1730 413 προθυμία
1746 377 1833 402 {6(a-

1029 427 1076 459 ζον
1086 426 1282 459 προσϐαλεῖνν
1294 427 1396 458 αὐτοῖς·
1411 426 1425 452 ὁ
1436 426 1465 452 δὲ
1482 425 1662 460 αὐτοκράτωρ
1674 424 1798 458 ἀπεῖργε
1818 422 1827 437 ³

1027 473 1140 504 τούτους
1153 472 1201 499 τοῦ
1216 473 1426 508 ἐγχειρήματος.
1445 471 1493 498 Ἐκ
1516 471 1655 505 διαφόρων
1666 469 1695 496 δὲ
1722 468 1829 495 πολλοὶ

1029 519 1078 545 καὶ
1104 519 1232 554 διάφοροι
1258 519 1445 555 ξυμμιγέντες
1468 518 1630 553 ταγμάτων,
1658 515 1831 546 ἀνελθόντες

1030 565 1202 600 προσέὸαλον
1235 567 1292 597 τοῖς
1316 565 1443 597 Κελτοῖς·
1466 565 1490 592 οἱ
1513 563 1542 590 δὲ
1557 562 1730 599 παραχρῆμα
1760 562 1830 588 κατ’

1030 611 1121 638 αὐτῶν
1131 611 1294 647 ὡρμηκότες
1308 612 1466 648 ἀναιροῦσιν
1478 611 1543 646 ἄχρι
1553 610 1608 637 τῶν
1617 608 1828 636 πεντακοσίων.

1031 654 1098 684 Εἶτα
1111 658 1158 684 τοῦ
1171 659 1315 693 βασιλέως·
1327 658 1534 693 στοχασαμένου
1549 656 1595 683 τοῦ
1610 656 1695 682 τόπου
1707 654 1742 681 δι’
1761 651 1795 680 οὗ
1812 654 1829 680 ό

1029 704 1202 740 Βαῖμοῦντος
1240 705 1338 740 ἔμελλε
1371 704 1497 737 διελθεῖν,
1528 704 1576 730 καὶ
1607 703 1829 731 ἀποστείλαντος

1029 750 1174 784 γενναίους
1198 751 1371 785 στρατιώτας
1400 751 1471 786 μετὰ
1494 751 1504 766 ³
1529 749 1670 785 Τούρκων,
1697 747 1748 775 καὶ
1773 745 1829 772 τοῦ

1030 797 1184 832 Μιγιδηνοῦ
1213 797 1445 832 προεξάρχοντος,
1478 796 1538 831 ἅμα
1556 796 1596 830 τῷ
1613 795 1730 829 πλησίον
1745 793 1830 827 γενέο

184 850 282 871 Omnes
297 843 439 870 alacritate
467 843 616 878 poscebant
631 844 660 870 in
681 844 756 878 ipsos
776 843 851 870 duci.
877 841 967 869 Vel-un

1066 829 1105 875 αι,
1127 829 1211 874 εὐθὺς
1272 829 1454 878 Βαῑμοῦντος,
1483 829 1609 877 ὁρμήσας
1637 839 1698 868 κατ’
1719 838 1828 871 αὐτῶν,

184 888 214 916 id
232 889 381 923 imperalor
395 889 454 916 fieri
470 889 565 916 vetuit.
586 889 686 916 Delecti
703 892 809 915 tantum
832 895 866 916 ex
894 887 978 914 variis

1031 887 1135 923 ἥττησε
1150 889 1266 920 τούτους
1290 889 1372 925 μέχρι
1386 888 1434 915 τοῦ
1449 887 1572 922 ποταμοῦ
1592 886 1701 918 διώξας.

183 935 342 963 cohortibus
358 936 426 962 varii
440 936 538 963 idoneo
553 943 668 964 numero
677 936 811 963 adversus
844 942 892 962 eos
921 935 1009 966 missi,
1029 935 1055 962 in
1071 943 1142 970 quos
1154 941 1264 970 repente
1282 941 1360 964 tanto
1375 936 1478 970 impetu
1498 935 1597 963 invecti
1618 933 1709 961 Latini
1729 937 1799 961 sunt
1817 947 1827 958 ι

186 987 216 1009 ut
228 990 260 1010 ex
276 982 310 1009 iis
326 982 359 1009 ad
375 982 541 1017 quingentos
557 982 720 1010 occiderint.
737 981 806 1008 Tum
821 982 971 1016 imperator
991 981 1083 1008 animo
1106 983 1252 1016 providens
1271 983 1363 1010 locum
1401 989 1455 1017 qua
1484 982 1652 1009 transitttrus
1690 979 1830 1006 Baimun-

184 1027 237 1055 dus
248 1027 402 1061 videbatur,
412 1027 486 1054 misit
496 1027 542 1062 qui
555 1034 619 1054 eum
656 1029 883 1063 praeoccuparem
913 1026 1013 1053 milites
1034 1026 1200 1056 fortissimos
1223 1036 1285 1056 cum
1307 1028 1422 1060 Turcis,
1449 1027 1519 1055 duce
1548 1027 1677 1055 omnibus
1691 1026 1831 1062 praefecto

183 1074 330 1109 Migideno,
345 1081 414 1109 quos
428 1079 457 1101 ut
473 1082 560 1110 prope
575 1074 687 1102 fuerunt
705 1074 875 1104 Baimundns
885 1076 974 1112 primo
994 1076 1096 1112 impetu
1115 1076 1269 1112 percellens
1283 1075 1359 1108 vicit,
1376 1075 1456 1109 fudit,
1472 1075 1588 1111 fugavit,
1622 1079 1652 1102 et
1688 1080 1781 1108 usque
1790 1072 1829 1099 ad

183 1121 296 1150 fluvium
313 1121 452 1148 insecutus
471 1125 523 1149 est.

221 1167 357 1195 Postridie
374 1166 463 1201 prima
483 1167 545 1194 luce
568 1166 681 1194 ﬂuvium
704 1167 774 1195 idem
795 1175 859 1196 cum
883 1168 972 1196 comi-

186 1213 260 1241 tibus
271 1217 298 1240 et
309 1213 368 1248 ipso
380 1212 498 1248 Bryenio
513 1219 715 1248 transgressus,
727 1221 789 1240 cum
801 1213 978 1241 observasse:

186 1258 341 1294 palustrem
357 1258 503 1293 quemdam
517 1258 607 1285 locum
634 1266 719 1293 prope
735 1258 885 1292 Larissam,
904 1259 979 1287 inter

185 1305 257 1332 duos
272 1304 359 1332 colles
376 1304 526 1339 jacentem,
546 1304 579 1331 ad
597 1312 661 1331 eum
681 1308 755 1332 recta
780 1305 905 1338 tetendit,
925 1305 978 1333 iter

186 1350 292 1377 faciens
315 1358 365 1385 per
396 1357 570 1377 nemorosam
606 1349 748 1385 planitiem
780 1349 808 1378 in
831 1351 976 1384 angustias

185 1397 264 1425 valde
289 1401 381 1424 arctas
402 1396 585 1423 desinentem.
615 1397 739 1429 Clisuraz,
759 1397 816 1425 sive
842 1397 974 1431 claustra,

185 1444 239 1471 dici
257 1443 348 1470 solent
363 1443 388 1470 id
406 1451 493 1478 genus
509 1443 581 1470 loca.
595 1443 658 1470 HLEC
672 1447 764 1470 autem
781 1443 896 1478 proprio
923 1449 975 1469 no-

187 1489 260 1516 mine
275 1489 415 1516 Domenici
434 1489 566 1524 palatium
591 1489 756 1516 vocabatur.
774 1488 825 1517 Per
848 1497 909 1517 eam
933 1489 976 1517 iu~

186 1543 300 1570 gressus
316 1534 487 1562 Baimundus
512 1534 615 1561 vallum
636 1533 697 1562 illic
720 1533 781 1561 fixit
804 1534 978 1569 munivitque

187 1585 290 1608 castra.
309 1579 376 1607 Eum
392 1580 429 1607 ibi
447 1585 559 1615 postera
580 1580 624 1608 die
641 1580 692 1608 sub
707 1580 861 1608 diluculum
878 1588 978 1616 aggre-

186 1629 263 1655 ditur
278 1635 339 1655 cum
351 1628 474 1655 exercitu
489 1627 621 1654 universo
632 1626 686 1654 dux
700 1627 847 1662 phalangis
860 1626 979 1655 Michael

186 1674 289 1706 Ducas,
305 1674 459 1701 avunculus
478 1681 566 1705 meus,
580 1673 623 1699 vir
639 1673 792 1707 prudentia:
813 1672 894 1701 laude
907 1673 980 1701 cele-

186 1721 337 1754 berrimus,
363 1720 452 1747 forma
482 1727 547 1747 vero
577 1724 607 1748 et
636 1719 829 1755 magnitudine
852 1721 980 1756 corporis

186 1768 324 1795 excellens
335 1766 413 1802 142
425 1773 477 1794 non
488 1774 569 1801 supra
580 1773 675 1794 omnes
683 1765 762 1794 modo
770 1766 815 1802 qui
824 1770 880 1794 tum
889 1772 978 1800 erant,

189 1814 236 1841 sed
251 1817 279 1840 et
293 1813 340 1848 qui
369 1820 491 1847 unquam
516 1812 644 1843 fuerant;
672 1813 806 1840 miraculo
826 1813 900 1840 enim
919 1817 980 1841 erat

186 1858 433 1886 iutuentibusJani
442 1859 488 1893 qui
502 1858 625 1885 futurutn
637 1859 796 1892 provideret
809 1859 977 1892 certissimo,

187 1906 234 1940 qui
249 1905 320 1940 quod
336 1904 458 1932 instabat
471 1903 709 1930 animadverteret
733 1904 980 1939 introspicerctque

187 1951 283 1978 statim
306 1950 431 1985 penitus,
452 1950 511 1984 qui,
528 1949 595 1984 quid
622 1956 703 1984 opus,
720 1950 880 1978 consuleret
906 1950 978 1978 idem

187 1996 301 2031 optimc,
318 1995 542 2029 dexterrimeque
557 1999 768 2029 exsequeretur,
780 2003 852 2023 unus
865 1996 888 2023 is
901 2001 976 2029 erat;

187 2041 325 2068 neminem
348 2039 374 2066 in
402 2039 445 2067 his
473 2039 598 2074 partibus
619 2039 724 2066 habens
753 2041 980 2075 comparabilem.

188 2086 232 2114 Illi
251 2089 418 2121 praeceperat
444 2086 596 2120 imperator
607 2092 642 2112 ne
661 2093 759 2113 omnes
777 2093 843 2114 suos
861 2086 888 2113 in
903 2087 979 2114 clau-

188 2133 238 2161 stri
255 2133 348 2160 fauces
365 2132 571 2165 introduceret,
589 2131 637 2159 sed
650 2132 770 2167 legiones
782 2132 891 2167 quidem
904 2136 979 2160 stare

1065 1169 1104 1205 Τῇ
1126 1169 1154 1195 δὲ
1175 1168 1235 1204 μετ’
1255 1167 1343 1203 αὐτὴν
1367 1166 1547 1203 αὐγαζούσης
1567 1166 1617 1202 ἤδη
1632 1166 1682 1200 τῆς
1698 1164 1825 1200 ἡμέραςν

1027 1212 1218 1249 παραδραμὼν
1238 1212 1285 1239 τὸν
1304 1213 1356 1248 ήδη
1378 1212 1497 1248 ῥηθέντα
1521 1211 1644 1247 ποταμὸν
1668 1210 1740 1245 μετὰ
1768 1210 1828 1236 τῶν

1027 1257 1260 1293 συνεφεπομένων
1282 1257 1358 1292 αὐτῷ
1377 1258 1518 1292 κομήτων,
1542 1256 1591 1283 καὶ
1610 1255 1693 1283 αὑτοῦ
1712 1255 1749 1290 δὴ
1773 1254 1825 1282 τοῦ

1027 1305 1171 1340 Βρυενίου,
1186 1304 1249 1331 ἐπεὶ
1280 1305 1367 1340 ἑλώδη
1387 1305 1470 1332 τόπον
1488 1304 1516 1330 ὲν
1535 1305 1592 1335 τοῖς
1613 1303 1663 1338 τῆς
1678 1302 1828 1338 Λαρίσσης

1030 1352 1147 1388 μέρεσιν
1168 1351 1303 1378 ἐθεάσατο
1319 1350 1479 1385 ἀναμεταξὺ
1498 1350 1545 1377 δύο
1563 1349 1678 1385 βουνῶν,
1705 1349 1826 1376 πεδιάδα

1029 1397 1136 1433 ἀλσώδη
1149 1397 1237 1432 εὑρὼν
1247 1397 1474 1424 ἀποτελευτῶσαν
1487 1397 1528 1429 εἰς
1542 1396 1678 1424 στενωπὸν
1693 1396 1703 1411 ³
1716 1396 1828 1430 (κλεισ-

1029 1443 1114 1478 οὐραν
1134 1443 1213 1470 τοῦτο
1226 1444 1236 1459 ⁸
1256 1443 1398 1478 καλοῦσιν)
1410 1443 1459 1478 τὴν
1478 1442 1629 1478 λεγομένην
1644 1441 1796 1477 Δομενίκου
1814 1441 1826 1458 ³

1031 1480 1175 1523 παλάτιονξ
1199 1490 1244 1517 διὰ
1280 1490 1375 1517 τούτου
1398 1489 1539 1523 εἰσελθὼν,
1560 1490 1620 1516 ἐκεῖ
1643 1489 1689 1515 τὸν
1711 1489 1825 1524 χάρακα

1031 1535 1161 1571 ἐπήξατο.
1180 1535 1221 1571 Τῇ
1234 1535 1263 1562 δὲ
1289 1536 1348 1570 μετ’
1365 1535 1451 1571 αὐτὴν
1482 1535 1555 1563 κατά
1581 1534 1612 1561 τδ
1641 1534 1822 1569 πξρίορθρον,

1030 1581 1236 1617 καταλαμϐάνει
1256 1581 1338 1609 αὐτὸν
1353 1582 1367 1608 ὁ
1383 1581 1582 1617 φαλαγγάρχη;
1597 1579 1707 1615 Μιχαὴλ
1726 1581 1741 1605 ὸ
1755 1579 1825 1605 A95-

1030 1637 1093 1661 κας,
1105 1630 1119 1655 ὸ
1133 1629 1203 1665 πρὸς
1222 1630 1326 1665 μητρὸς
1337 1629 1347 1646 ⁸
1361 1629 1427 1664 ἐμὸς
1443 1629 1515 1660 θεῖος
1530 1628 1601 1663 μετὰ
1615 1627 1661 1654 τοῦ
1674 1625 1821 1654 ὁπλιτικοῦ

1031 1675 1141 1708 παντὸς,
1157 1675 1227 1710 ἀνὴρ
1237 1675 1247 1691 ”¹
1263 1666 1311 1702 ἐπὶ
1334 1675 1465 1710 φρονήσει
1476 1673 1700 1709 διαΰιὸοημένος,
1715 1672 1780 1707 ὥρᾳ
1795 1672 1826 1698 δὲ

1030 1721 1078 1748 καὶ
1089 1720 1201 1756 μεγέθει
1217 1720 1344 1756 σώματος
1358 1721 1508 1756 διαφέρων,
1519 1720 1550 1747 οὐ
1564 1720 1618 1747 τῶν
1631 1720 1693 1746 τότε
1709 1719 1824 1754 καιροῦ,

1029 1766 1100 1794 ἀλλὰ
1124 1766 1172 1794 atati.
1198 1766 1253 1793 τῶν
1280 1766 1390 1794 πώποτε
1414 1766 1606 1802 γεγενημένων
1623 1765 1738 1801 (θάμϐος
1767 1765 1824 1800 γὰρ

1030 1811 1105 1849 εἶχεν
1123 1814 1248 1845 ἃπαντας
1257 1813 1321 1845 τοὺς
1337 1813 1458 1848 ὁρῶντας
1472 1812 1518 1839 τὸν
1531 1812 1641 1849 ἄνδρα),
1660 1811 1782 1838 συνιδεῖν
1794 1811 1824 1837 δὲ

1029 1859 1061 1886 τὸ
1075 1859 1171 1894 μέλλον
1185 1859 1234 1886 καὶ
1246 1858 1374 1894 φωράσαι
1386 1858 1417 1885 τδ
1432 1857 1552 1890 ὲνεστδς,
1568 1857 1616 1884 καὶ
1639 1857 1825 1891 καταπράξα-

1031 1906 1094 1932 σθαι
1111 1905 1122 1921 ⁸
1139 1905 1293 1936 δεινότατός
1321 1913 1351 1931 τε
1373 1905 1420 1932 καὶ
1449 1903 1651 1940 άπαρᾶμιλλος.
1684 1902 1781 1938 Τούτῳ
1809 1904 1822 1929 ὁ

1030 1951 1214 1986 αὐτοκράτωρ
1228 1951 1386 1986 ἐπέσκηψεν
1406 1950 1444 1986 μὴ
1462 1951 1569 1982 πάντας
1584 1950 1663 1981 ἐντὸς
1689 1949 1739 1976 τοῦ
1765 1958 1825 1976 στο-

1031 1997 1093 2032 μίου
1104 1997 1155 2031 τῆς
1181 1996 1343 2031 κλεισούρας
1361 1996 1504 2028 είσελθεῖν,
1518 1995 1586 2022 ἀλλὰ
1599 1994 1648 2026 τὰς
1666 1994 1717 2029 μὲν
1733 1994 1820 2021 δυνά-

1032 2052 1093 2078 μεις
1109 2042 1209 2076 ἔξωθεν
1237 2041 1365 2068 ίστασθαι
1394 2041 1495 2075 ἰλαδὸν,
1521 2041 1631 2075 ὀλίγους
1652 2041 1681 2067 δὲ
1698 2040 1798 2067 διελεῖν
1811 2042 1823 2057 ⁹

1032 2089 1166 2124 Τούρκων
1181 2088 1230 2116 καὶ
1259 2088 1445 2124 Σαυρομάτων
1460 2089 1512 2122 τῆς
1529 2087 1637 2120 τοξείας
1662 2087 1821 2122 είδήμονας,

1031 2133 1078 2161 καὶ
1092 2134 1113 2150 ¹⁰
1128 2133 1233 2164 τούτοις
1247 2133 1450 2169 παραχωρῆσαι
1463 2133 1514 2168 τῆς
1527 2133 1643 2165 εἰσόδου,
1667 2133 1822 2167 ὲπισκῆᾥαι

187 2179 299 2214 jnberet
324 2182 414 2211 extra,
439 2178 574 2205 continua
598 2178 670 2205 serie
694 2178 845 2213 depositas.
874 2177 965 2206 Pauco

1075 2179 1181 2210 τούτοις
1199 2179 1296 2214 μηδενὶ
1313 2180 1401 2215 ἑτέρῳ
1417 2179 1490 2214 ξίφει
1509 2178 1579 2215 πλὴν
1600 2179 1701 2211 ὀϊστοῖς
1716 2180 1822 2215 χρήσα-

188 2229 296 2251 tantum
315 2231 330 2252 e
347 2224 445 2250 Turcis
474 2222 533 2251 fere
561 2231 594 2251 ac
624 2223 760 2252 Sarmatis
785 2224 905 2252 delectos
929 2225 977 2260 qui

189 2270 338 2305 sagittandi
356 2275 416 2296 arte
433 2273 607 2304 praestarent,
623 2274 770 2304 penetrare
789 2270 861 2298 intra
883 2270 977 2299 fauces

188 2324 330 2354 pateretur
348 2328 356 2345 ε
375 2318 476 2352 hisque
491 2318 559 2352 ipsis
575 2318 709 2350 ediceret,
725 2326 760 2345 ne
778 2319 832 2346 alio
849 2319 905 2345 ullo
928 2327 975 2354 εσυ

191 2372 258 2392 nere
283 2372 423 2392 armorum
455 2372 540 2399 quam
570 2365 633 2392 telis
645 2365 741 2400 procul
772 2372 805 2392 ac
825 2365 977 2393 missilibus

192 2417 348 2439 uterentur.
377 2411 478 2439 Verum
508 2411 536 2438 hi
564 2419 627 2439 cum
658 2411 775 2446 ingressi
803 2413 982 2440 excursiones

191 2465 339 2492 equestres
365 2457 393 2485 in
418 2457 532 2485 Latinos
550 2457 685 2490 facerent,
708 2458 755 2492 qui
780 2458 849 2486 foris
871 2459 983 2486 stabant

195 2512 292 2539 magna
326 2504 465 2539 pugnandi
500 2503 614 2531 libidine
644 2505 774 2539 praecepti
801 2506 980 2532 reverentiam

194 2551 334 2582 vincente,
353 2558 403 2585 pro
421 2557 450 2577 se
478 2550 597 2585 quisque
615 2550 642 2577 in
667 2550 768 2577 saltum
785 2550 902 2585 ingredi,
930 2558 980 2579 nec

191 2597 252 2624 sine
269 2601 365 2623 mutuo
390 2595 571 2631 prawertendi
589 2595 693 2627 studio,
718 2603 873 2632 creperum.
899 2597 980 2625 Vide-

192 2644 294 2672 bantur
318 2644 352 2671 ad
382 2643 551 2678 exploratam
582 2642 724 2670 victoriam
752 2643 874 2676 tendere,
905 2644 977 2678 quod

1033 2226 1106 2252 σθαι.
1132 2224 1316 2251 Εἰσελθόντων
1340 2224 1368 2250 δὲ
1398 2225 1446 2251 καὶ
1480 2223 1616 2256 ἱππασίας
1647 2226 1822 2260 ποιουμένων

1031 2271 1102 2297 κατά
1136 2269 1191 2296 τῶν
1217 2269 1352 2302 Λατίνων,
1381 2270 1406 2296 οἱ
1430 2270 1532 2302 ἔξωθεν
1569 2270 1722 2305 ἱστάμενοι,
1752 2273 1820 2306 πρὸς

1031 2316 1166 2352 ἀλλήλους
1183 2316 1380 2349 σφαδάζοντες,
1398 2317 1493 2353 ἤριζον
1509 2317 1600 2348 ὁποῖος
1614 2318 1648 2344 ἄν
1665 2317 1697 2344 τὸ
1710 2319 1820 2354 στόμιον

1033 2363 1161 2390 εἰσέλθοι.
1181 2363 1211 2390 '0
1224 2362 1277 2398 γὰρ
1295 2362 1476 2398 Βαῖμοῦντος,
1495 2363 1601 2399 πλήρης
1614 2363 1653 2390 ὢν
1676 2364 1820 2400 βασιλικῆς

1036 2409 1056 2424 ”
1072 2409 1241 2444 ἐπιστήμης,
1258 2408 1322 2440 τοὺς
1336 2408 1383 2435 ὑπ’
1396 2409 1479 2435 αὑτὸν
1495 2409 1604 2436 ἐκέλευε
1619 2411 1820 2445 συνησπικότας

1034 2455 1173 2488 ἵστασθαι,
1189 2455 1237 2481 καὶ
1245 2456 1307 2487 ταῖς
1319 2455 1432 2483 ἀσπίσιν
1443 2455 1558 2487 ἑαυτοὺς
1570 2456 1817 2492 περιφράττοντας,

1034 2502 1175 2537 ἀτρεμεῖν.
1201 2500 1232 2527 '0
1247 2501 1275 2527 δέ
1293 2509 1325 2535 γε
1338 2502 1562 2537 πρωτοστράτωρ
1574 2501 1746 2536 θεασάμενος
1756 2503 1819 2534 τοὺς

1033 2549 1079 2575 ὑπ’
1097 2547 1179 2575 αὐτὸν
1194 2549 1264 2574 κατὰ
1278 2548 1378 2583 μικρὸν
1389 2547 1537 2583 ἐκρέοντας
1547 2549 1595 2575 καὶ
1608 2549 1818 2585 είσερχομένους

1031 2595 1075 2622 διὰ
1093 2594 1141 2622 τοῦ
1157 2595 1281 2628 στομίου,
1295 2594 1405 2628 εἰσῆλθε
1420 2595 1467 2620 καὶ
1484 2595 1575 2626 αὑτός.
1594 2594 1623 2622 Ὀ
1641 2596 1669 2622 δὲ
1683 2595 1818 2630 Βαῖμοῦιβ

1032 2650 1078 2673 τος
1097 2641 1211 2673 τούτους
1234 2640 1414 2676 θεασάμενος,
1431 2640 1534 2676 ὥσπερ
1553 2641 1633 2670 λέων
1657 2643 1749 2678 ἐχάρη
1765 2651 1817 2678 με-

723 2710 824 2742 Variae
838 2711 994 2742 lectiones
1016 2719 1054 2742 ex
1073 2711 1141 2742 cod.
1159 2711 1293 2742 Coislin.

232 2787 256 2803 "
270 2786 363 2814 αὐτόν.
397 2787 420 2802 ⁸⁵
433 2786 593 2822 ξυμῦαλεῖν.
631 2786 760 2822 ίάπῆγε.
795 2783 962 2822 ’Δμετᾲ-καί,

195 2822 269 2860 τρός.

1017 2785 1027 2800 ³
1046 2785 1184 2811 στενωπὸν
1199 2784 1272 2816 ίξὺν.

309 2823 319 2838 "
334 2822 403 2856 ἁνήρ
411 2819 474 2854 τις.’
496 2822 506 2838 ⁸
518 2819 748 2857 καταπράξασύαι
804 2819 815 2836 ⁹
830 2819 935 2846 διελών.

1065 2825 1089 2848 st
1113 2820 1208 2847 vocula
1226 2820 1283 2847 καί.
1317 2820 1336 2836 “
1353 2821 1552 2858 στρατηγικῆςζ

1336 2785 1347 2800 ⁸
1365 2785 1469 2814 τοῦτον.
1513 2787 1525 2823 ξ’
1541 2786 1702 2823 Δεμενίκου.
1743 2786 1814 2813 ‘m-
