  <div class='ocr_page' id='page_1' title='image "/cluster/home/n/w/nwhite01/storage/ocr_20150623/131/njp.32101077773073/234.png"; bbox 0 0 1867 3046; ppageno 0'>
   <div class='ocr_carea' id='block_1_1' title="bbox 59 164 106 197">
    <p class='ocr_par' dir='ltr' id='par_1_1' title="bbox 59 164 106 197">
     <span class='ocr_line' id='line_1_1' title="bbox 59 164 106 197; baseline 0.043 -2"><span class='ocrx_word' id='word_1_1' title='bbox 59 164 106 197; x_wconf 62' lang='grc' dir='ltr'><strong>ΩΒ</strong></span> 
     </span>
    </p>
   </div>
   <div class='ocr_carea' id='block_1_2' title="bbox 680 162 1035 196">
    <p class='ocr_par' dir='ltr' id='par_1_2' title="bbox 680 162 1035 196">
     <span class='ocr_line' id='line_1_2' title="bbox 680 162 1035 196; baseline -0.008 0"><span class='ocrx_word' id='word_1_2' title='bbox 680 162 887 196; x_wconf 79' lang='lat' dir='ltr'><strong>ALEXIADIS</strong></span> <span class='ocrx_word' id='word_1_3' title='bbox 907 163 981 196; x_wconf 86' lang='lat' dir='ltr'><strong>LIB.</strong></span> <span class='ocrx_word' id='word_1_4' title='bbox 1002 164 1035 195; x_wconf 91' lang='lat' dir='ltr'><strong>V.</strong></span> 
     </span>
    </p>
   </div>
   <div class='ocr_carea' id='block_1_3' title="bbox 1614 162 1666 195">
    <p class='ocr_par' dir='ltr' id='par_1_3' title="bbox 1614 162 1666 195">
     <span class='ocr_line' id='line_1_3' title="bbox 1614 162 1666 195; baseline 0.019 -1"><span class='ocrx_word' id='word_1_5' title='bbox 1614 162 1666 195; x_wconf 75' lang='grc'><strong>426</strong></span> 
     </span>
    </p>
   </div>
   <div class='ocr_carea' id='block_1_4' title="bbox 59 217 796 256">
    <p class='ocr_par' dir='ltr' id='par_1_4' title="bbox 59 217 796 256">
     <span class='ocr_line' id='line_1_4' title="bbox 59 217 796 256; baseline -0.001 -9"><span class='ocrx_word' id='word_1_6' title='bbox 59 221 132 256; x_wconf 72' lang='grc' dir='ltr'>τάλφ</span> <span class='ocrx_word' id='word_1_7' title='bbox 141 220 187 247; x_wconf 76' lang='grc' dir='ltr'><strong>ἐπὶ</strong></span> <span class='ocrx_word' id='word_1_8' title='bbox 203 219 316 254; x_wconf 81' lang='grc' dir='ltr'>σώματι</span> <span class='ocrx_word' id='word_1_9' title='bbox 332 220 460 254; x_wconf 71' lang='grc' dir='ltr'>κύρσας,</span> <span class='ocrx_word' id='word_1_10' title='bbox 470 217 548 247; x_wconf 77' lang='grc' dir='ltr'>εἶπεν</span> <span class='ocrx_word' id='word_1_11' title='bbox 561 220 594 248; x_wconf 84' lang='grc' dir='ltr'>ἄν</span> <span class='ocrx_word' id='word_1_12' title='bbox 604 229 647 251; x_wconf 82' lang='grc' dir='ltr'>τις</span> <span class='ocrx_word' id='word_1_13' title='bbox 663 219 796 255; x_wconf 76' lang='grc' dir='ltr'>Ὀμηρικό</span> 
     </span>
    </p>
   </div>
   <div class='ocr_carea' id='block_1_5' title="bbox 932 217 1669 256">
    <p class='ocr_par' dir='ltr' id='par_1_5' title="bbox 932 219 1669 255">
     <span class='ocr_line' id='line_1_5' title="bbox 932 219 1669 255; baseline 0.003 -9"><span class='ocrx_word' id='word_1_14' title='bbox 932 221 1000 248; x_wconf 70' lang='grc' dir='ltr'>ιῖηοε</span> <span class='ocrx_word' id='word_1_15' title='bbox 1021 223 1121 255; x_wconf 63' lang='lat' dir='ltr'><strong>prater</strong></span> <span class='ocrx_word' id='word_1_16' title='bbox 1139 225 1240 246; x_wconf 90' lang='lat' dir='ltr'><strong>morem</strong></span> <span class='ocrx_word' id='word_1_17' title='bbox 1256 219 1291 253; x_wconf 42' lang='lat' dir='ltr'><strong>,in</strong></span> <span class='ocrx_word' id='word_1_18' title='bbox 1316 219 1377 246; x_wconf 85' lang='lat' dir='ltr'><strong>loco</strong></span> <span class='ocrx_word' id='word_1_19' title='bbox 1394 222 1508 252; x_wconf 84' lang='lat' dir='ltr'><strong>stantes,</strong></span> <span class='ocrx_word' id='word_1_20' title='bbox 1535 219 1669 248; x_wconf 85' lang='lat' dir='ltr'><strong>cecidisse</strong></span> 
     </span>
    </p>
   </div>
   <div class='ocr_carea' id='block_1_6' title="bbox 60 262 832 301">
    <p class='ocr_par' dir='ltr' id='par_1_6' title="bbox 60 262 832 301">
     <span class='ocr_line' id='line_1_6' title="bbox 60 262 832 301; baseline -0.003 -8"><span class='ocrx_word' id='word_1_21' title='bbox 60 268 91 298; x_wconf 82' lang='grc' dir='ltr'><strong>ὡς</strong></span> <span class='ocrx_word' id='word_1_22' title='bbox 104 267 148 293; x_wconf 74' lang='grc' dir='ltr'>καὶ</span> <span class='ocrx_word' id='word_1_23' title='bbox 161 262 248 298; x_wconf 72' lang='grc' dir='ltr'>οὗτος,</span> <span class='ocrx_word' id='word_1_24' title='bbox 264 266 327 292; x_wconf 81' lang='grc' dir='ltr'>ἰδὼν</span> <span class='ocrx_word' id='word_1_25' title='bbox 341 267 370 292; x_wconf 78' lang='grc' dir='ltr'>ὲν</span> <span class='ocrx_word' id='word_1_26' title='bbox 391 267 483 298; x_wconf 76' lang='grc' dir='ltr'>αὐτοῖς</span> <span class='ocrx_word' id='word_1_27' title='bbox 504 266 653 301; x_wconf 72' lang='grc' dir='ltr'>ὀφθαλμοῖς</span> <span class='ocrx_word' id='word_1_28' title='bbox 677 266 698 282; x_wconf 90' lang='grc'>¹¹</span> <span class='ocrx_word' id='word_1_29' title='bbox 720 266 832 297; x_wconf 80' lang='grc' dir='ltr'>τούτους</span> 
     </span>
    </p>
   </div>
   <div class='ocr_carea' id='block_1_7' title="bbox 60 311 833 348">
    <p class='ocr_par' dir='ltr' id='par_1_7' title="bbox 60 311 833 348">
     <span class='ocr_line' id='line_1_7' title="bbox 60 311 833 348; baseline -0.003 -8"><span class='ocrx_word' id='word_1_30' title='bbox 60 312 165 340; x_wconf 75' lang='grc' dir='ltr'>καὶτὸν</span> <span class='ocrx_word' id='word_1_31' title='bbox 194 313 428 348; x_wconf 80' lang='grc' dir='ltr'>πρωτοστράτορα</span> <span class='ocrx_word' id='word_1_32' title='bbox 462 312 588 347; x_wconf 80' lang='grc' dir='ltr'>Μιχαὴλ,</span> <span class='ocrx_word' id='word_1_33' title='bbox 615 311 722 348; x_wconf 80' lang='grc' dir='ltr'>ἀσχὲτῳ</span> <span class='ocrx_word' id='word_1_34' title='bbox 757 311 833 348; x_wconf 72' lang='grc' dir='ltr'><strong>ῥύμῃ</strong></span> 
     </span>
    </p>
   </div>
   <div class='ocr_carea' id='block_1_8' title="bbox 60 358 833 394">
    <p class='ocr_par' dir='ltr' id='par_1_8' title="bbox 60 358 833 394">
     <span class='ocr_line' id='line_1_8' title="bbox 60 358 833 394; baseline -0.001 -9"><span class='ocrx_word' id='word_1_35' title='bbox 60 359 163 385; x_wconf 79' lang='grc' dir='ltr'>πανσυδὶ</span> <span class='ocrx_word' id='word_1_36' title='bbox 178 359 237 384; x_wconf 84' lang='grc' dir='ltr'>κατ’</span> <span class='ocrx_word' id='word_1_37' title='bbox 258 358 348 384; x_wconf 74' lang='grc' dir='ltr'>αὐτῶν</span> <span class='ocrx_word' id='word_1_38' title='bbox 368 358 454 385; x_wconf 80' lang='grc' dir='ltr'>ἵεται·</span> <span class='ocrx_word' id='word_1_39' title='bbox 473 359 498 385; x_wconf 79' lang='grc' dir='ltr'>οἱ</span> <span class='ocrx_word' id='word_1_40' title='bbox 519 358 548 384; x_wconf 74' lang='grc' dir='ltr'>δὲ</span> <span class='ocrx_word' id='word_1_41' title='bbox 560 359 732 394; x_wconf 82' lang='grc' dir='ltr'>παραχρῆμα</span> <span class='ocrx_word' id='word_1_42' title='bbox 758 358 833 384; x_wconf 84' lang='grc' dir='ltr'>νῶτα</span> 
     </span>
    </p>
   </div>
   <div class='ocr_carea' id='block_1_9' title="bbox 60 403 834 440">
    <p class='ocr_par' dir='ltr' id='par_1_9' title="bbox 60 403 834 440">
     <span class='ocr_line' id='line_1_9' title="bbox 60 403 834 440; baseline 0 -9"><span class='ocrx_word' id='word_1_43' title='bbox 60 405 174 431; x_wconf 76' lang='grc' dir='ltr'>διδόασιν.</span> <span class='ocrx_word' id='word_1_44' title='bbox 200 404 290 436; x_wconf 75' lang='grc' dir='ltr'><strong>Οὺξᾶς</strong></span> <span class='ocrx_word' id='word_1_45' title='bbox 307 403 364 440; x_wconf 81' lang='lat'><strong>(6|)</strong></span> <span class='ocrx_word' id='word_1_46' title='bbox 379 404 407 430; x_wconf 79' lang='grc' dir='ltr'>δὲ</span> <span class='ocrx_word' id='word_1_47' title='bbox 427 405 476 440; x_wconf 86' lang='grc' dir='ltr'>τὴν</span> <span class='ocrx_word' id='word_1_48' title='bbox 494 405 591 440; x_wconf 81' lang='grc' dir='ltr'>κλῆσιν</span> <span class='ocrx_word' id='word_1_49' title='bbox 615 404 778 440; x_wconf 80' lang='grc' dir='ltr'><strong>φερώνυμον</strong></span> <span class='ocrx_word' id='word_1_50' title='bbox 800 405 834 431; x_wconf 75' lang='grc' dir='ltr'>ὲκ</span> 
     </span>
    </p>
   </div>
   <div class='ocr_carea' id='block_1_10' title="bbox 61 450 832 487">
    <p class='ocr_par' dir='ltr' id='par_1_10' title="bbox 61 450 832 487">
     <span class='ocr_line' id='line_1_10' title="bbox 61 450 832 487; baseline 0 -10"><span class='ocrx_word' id='word_1_51' title='bbox 61 451 100 477; x_wconf 71' lang='grc' dir='ltr'>τοῦ</span> <span class='ocrx_word' id='word_1_52' title='bbox 130 451 223 484; x_wconf 79' lang='grc' dir='ltr'><strong>γένους</strong></span> <span class='ocrx_word' id='word_1_53' title='bbox 256 450 360 485; x_wconf 87' lang='grc' dir='ltr'>λαχὼν,</span> <span class='ocrx_word' id='word_1_54' title='bbox 391 451 436 477; x_wconf 75' lang='grc' dir='ltr'><strong>ἐπ’</strong></span> <span class='ocrx_word' id='word_1_55' title='bbox 463 451 560 487; x_wconf 79' lang='grc' dir='ltr'><strong>ἀνδρίᾳ</strong></span> <span class='ocrx_word' id='word_1_56' title='bbox 589 451 807 486; x_wconf 78' lang='grc' dir='ltr'>διαϐεϐοημένος</span> <span class='ocrx_word' id='word_1_57' title='bbox 824 471 832 484; x_wconf 93' lang='grc'><strong>,</strong></span> 
     </span>
    </p>
   </div>
   <div class='ocr_carea' id='block_1_11' title="bbox 59 493 834 530">
    <p class='ocr_par' dir='ltr' id='par_1_11' title="bbox 59 493 834 530">
     <span class='ocr_line' id='line_1_11' title="bbox 59 493 834 530; baseline -0.003 -8"><span class='ocrx_word' id='word_1_58' title='bbox 59 495 133 528; x_wconf 69' lang='grc' dir='ltr'>εἰδὼς</span> <span class='ocrx_word' id='word_1_59' title='bbox 156 495 202 528; x_wconf 79' lang='grc' dir='ltr'><strong>ἠδ’</strong></span> <span class='ocrx_word' id='word_1_60' title='bbox 216 495 265 521; x_wconf 74' lang='grc' dir='ltr'><strong>ἐπὶ</strong></span> <span class='ocrx_word' id='word_1_61' title='bbox 291 495 377 527; x_wconf 77' lang='grc' dir='ltr'>δεξιὰ</span> <span class='ocrx_word' id='word_1_62' title='bbox 396 495 443 529; x_wconf 77' lang='grc' dir='ltr'><strong>ἠδ’</strong></span> <span class='ocrx_word' id='word_1_63' title='bbox 467 495 513 522; x_wconf 80' lang='grc' dir='ltr'><strong>ἐπ’</strong></span> <span class='ocrx_word' id='word_1_64' title='bbox 537 494 679 530; x_wconf 77' lang='grc' dir='ltr'>ἀριστερὰ</span> <span class='ocrx_word' id='word_1_65' title='bbox 695 493 834 528; x_wconf 78' lang='grc' dir='ltr'><strong>νωμῆσαι</strong></span> 
     </span>
    </p>
   </div>
   <div class='ocr_carea' id='block_1_12' title="bbox 58 539 834 576">
    <p class='ocr_par' dir='ltr' id='par_1_12' title="bbox 58 539 834 576">
     <span class='ocr_line' id='line_1_12' title="bbox 58 539 834 576; baseline -0.001 -10"><span class='ocrx_word' id='word_1_66' title='bbox 58 540 121 572; x_wconf 68' lang='grc' dir='ltr'><strong>βῶν,</strong></span> <span class='ocrx_word' id='word_1_67' title='bbox 133 540 260 574; x_wconf 80' lang='grc' dir='ltr'><strong>ἀζαλέην</strong></span> <span class='ocrx_word' id='word_1_68' title='bbox 274 540 356 576; x_wconf 71' lang='grc' dir='ltr'><strong>(δι’),</strong></span> <span class='ocrx_word' id='word_1_69' title='bbox 379 540 443 567; x_wconf 84' lang='grc' dir='ltr'>καθ’</span> <span class='ocrx_word' id='word_1_70' title='bbox 459 541 595 576; x_wconf 81' lang='grc' dir='ltr'>Ὅμηρον,</span> <span class='ocrx_word' id='word_1_71' title='bbox 609 541 638 566; x_wconf 78' lang='grc' dir='ltr'>ὲν</span> <span class='ocrx_word' id='word_1_72' title='bbox 650 539 689 574; x_wconf 83' lang='grc' dir='ltr'>τῷ</span> <span class='ocrx_word' id='word_1_73' title='bbox 708 539 756 566; x_wconf 83' lang='grc' dir='ltr'>τοῦ</span> <span class='ocrx_word' id='word_1_74' title='bbox 772 547 834 565; x_wconf 88' lang='grc' dir='ltr'>στο-</span> 
     </span>
    </p>
   </div>
   <div class='ocr_carea' id='block_1_13' title="bbox 61 585 835 622">
    <p class='ocr_par' dir='ltr' id='par_1_13' title="bbox 61 585 835 622">
     <span class='ocr_line' id='line_1_13' title="bbox 61 585 835 622; baseline 0 -10"><span class='ocrx_word' id='word_1_75' title='bbox 61 587 113 620; x_wconf 76' lang='grc' dir='ltr'>μίου</span> <span class='ocrx_word' id='word_1_76' title='bbox 132 586 290 622; x_wconf 77' lang='grc' dir='ltr'>ἐξέρχεσθαι</span> <span class='ocrx_word' id='word_1_77' title='bbox 315 586 390 620; x_wconf 79' lang='grc' dir='ltr'>δεξιὰ</span> <span class='ocrx_word' id='word_1_78' title='bbox 413 586 614 621; x_wconf 66' lang='grc' dir='ltr'>παρακλίνας,</span> <span class='ocrx_word' id='word_1_79' title='bbox 639 585 749 621; x_wconf 86' lang='grc' dir='ltr'>γοργῶς</span> <span class='ocrx_word' id='word_1_80' title='bbox 772 586 835 612; x_wconf 76' lang='grc' dir='ltr'>ἑπι-</span> 
     </span>
    </p>
   </div>
   <div class='ocr_carea' id='block_1_14' title="bbox 61 630 835 668">
    <p class='ocr_par' dir='ltr' id='par_1_14' title="bbox 61 630 835 668">
     <span class='ocr_line' id='line_1_14' title="bbox 61 630 835 668; baseline -0.001 -10"><span class='ocrx_word' id='word_1_81' title='bbox 61 633 190 668; x_wconf 71' lang='grc' dir='ltr'>στραφεὶς.</span> <span class='ocrx_word' id='word_1_82' title='bbox 211 633 288 660; x_wconf 88' lang='grc' dir='ltr'>παίει</span> <span class='ocrx_word' id='word_1_83' title='bbox 304 633 351 660; x_wconf 76' lang='grc' dir='ltr'>τὸν</span> <span class='ocrx_word' id='word_1_84' title='bbox 375 632 452 668; x_wconf 77' lang='grc' dir='ltr'>αὐτῷ</span> <span class='ocrx_word' id='word_1_85' title='bbox 479 633 686 659; x_wconf 72' lang='grc' dir='ltr'>ὑπαντιάσαντα</span> <span class='ocrx_word' id='word_1_86' title='bbox 711 630 732 647; x_wconf 84' lang='grc'><strong>¹³</strong></span> <span class='ocrx_word' id='word_1_87' title='bbox 749 631 835 658; x_wconf 86' lang='grc' dir='ltr'>Λατῖ-</span> 
     </span>
    </p>
   </div>
   <div class='ocr_carea' id='block_1_15' title="bbox 60 676 834 714">
    <p class='ocr_par' dir='ltr' id='par_1_15' title="bbox 60 676 834 714">
     <span class='ocr_line' id='line_1_15' title="bbox 60 676 834 714; baseline -0.003 -10"><span class='ocrx_word' id='word_1_88' title='bbox 60 687 106 705; x_wconf 77' lang='grc' dir='ltr'>νον.</span> <span class='ocrx_word' id='word_1_89' title='bbox 125 679 153 704; x_wconf 89' lang='lat'><strong>&#39;0</strong></span> <span class='ocrx_word' id='word_1_90' title='bbox 172 679 194 705; x_wconf 83' lang='grc' dir='ltr'>δ’</span> <span class='ocrx_word' id='word_1_91' title='bbox 207 678 455 714; x_wconf 65' lang='grc' dir='ltr'>εὐθῠςξκύμὸαχος</span> <span class='ocrx_word' id='word_1_92' title='bbox 483 679 555 705; x_wconf 76' lang='grc' dir='ltr'>κατὰ</span> <span class='ocrx_word' id='word_1_93' title='bbox 571 679 622 713; x_wconf 84' lang='grc' dir='ltr'><strong>γῆς</strong></span> <span class='ocrx_word' id='word_1_94' title='bbox 645 678 746 704; x_wconf 73' lang='grc' dir='ltr'>ἔκειτο.</span> <span class='ocrx_word' id='word_1_95' title='bbox 765 676 794 703; x_wconf 94' lang='grc'><strong>’0</strong></span> <span class='ocrx_word' id='word_1_96' title='bbox 806 676 834 702; x_wconf 76' lang='grc' dir='ltr'>δὲ</span> 
     </span>
    </p>
   </div>
   <div class='ocr_carea' id='block_1_16' title="bbox 61 724 835 760">
    <p class='ocr_par' dir='ltr' id='par_1_16' title="bbox 61 724 835 760">
     <span class='ocr_line' id='line_1_16' title="bbox 61 724 835 760; baseline -0.001 -9"><span class='ocrx_word' id='word_1_97' title='bbox 61 725 211 759; x_wconf 77' lang='grc' dir='ltr'>Βαῖμοῦντος</span> <span class='ocrx_word' id='word_1_98' title='bbox 222 725 319 752; x_wconf 71' lang='grc' dir='ltr'>ἐδίωκε</span> <span class='ocrx_word' id='word_1_99' title='bbox 340 725 452 757; x_wconf 82' lang='grc' dir='ltr'><strong>τούτους</strong></span> <span class='ocrx_word' id='word_1_100' title='bbox 467 724 549 760; x_wconf 83' lang='grc' dir='ltr'>μέχρι</span> <span class='ocrx_word' id='word_1_101' title='bbox 569 724 617 751; x_wconf 78' lang='grc' dir='ltr'>τοῦ</span> <span class='ocrx_word' id='word_1_102' title='bbox 644 724 768 760; x_wconf 82' lang='grc' dir='ltr'><strong>ποταμοῦ</strong></span> <span class='ocrx_word' id='word_1_103' title='bbox 784 724 835 750; x_wconf 87' lang='grc' dir='ltr'><strong>Σα-</strong></span> 
     </span>
    </p>
   </div>
   <div class='ocr_carea' id='block_1_17' title="bbox 60 770 834 806">
    <p class='ocr_par' dir='ltr' id='par_1_17' title="bbox 60 770 834 806">
     <span class='ocr_line' id='line_1_17' title="bbox 60 770 834 806; baseline 0.001 -11"><span class='ocrx_word' id='word_1_104' title='bbox 60 771 148 806; x_wconf 74' lang='grc' dir='ltr'>λαὸρία</span> <span class='ocrx_word' id='word_1_105' title='bbox 162 771 193 798; x_wconf 69' lang='grc'><strong>’³.</strong></span> <span class='ocrx_word' id='word_1_106' title='bbox 215 771 260 797; x_wconf 84' lang='grc' dir='ltr'><strong>Ἐν</strong></span> <span class='ocrx_word' id='word_1_107' title='bbox 274 771 303 798; x_wconf 79' lang='grc' dir='ltr'>δὲ</span> <span class='ocrx_word' id='word_1_108' title='bbox 315 770 355 806; x_wconf 85' lang='grc' dir='ltr'>τῷ</span> <span class='ocrx_word' id='word_1_109' title='bbox 381 771 493 806; x_wconf 79' lang='grc' dir='ltr'>φεύγειν</span> <span class='ocrx_word' id='word_1_110' title='bbox 508 773 521 797; x_wconf 84' lang='grc' dir='ltr'>ὁ</span> <span class='ocrx_word' id='word_1_111' title='bbox 533 771 582 806; x_wconf 76' lang='grc' dir='ltr'>ἤδη</span> <span class='ocrx_word' id='word_1_112' title='bbox 612 770 708 806; x_wconf 77' lang='grc' dir='ltr'>ῥηθεὶς</span> <span class='ocrx_word' id='word_1_113' title='bbox 733 770 834 803; x_wconf 78' lang='grc' dir='ltr'>Οὑζᾶς,</span> 
     </span>
    </p>
   </div>
   <div class='ocr_carea' id='block_1_18' title="bbox 62 816 836 852">
    <p class='ocr_par' dir='ltr' id='par_1_18' title="bbox 62 816 836 852">
     <span class='ocr_line' id='line_1_18' title="bbox 62 816 836 852; baseline 0.003 -11"><span class='ocrx_word' id='word_1_114' title='bbox 62 817 126 842; x_wconf 79' lang='grc' dir='ltr'>παίει</span> <span class='ocrx_word' id='word_1_115' title='bbox 138 817 182 843; x_wconf 68' lang='grc' dir='ltr'><strong>τὸν</strong></span> <span class='ocrx_word' id='word_1_116' title='bbox 197 817 246 852; x_wconf 81' lang='grc' dir='ltr'>τὴν</span> <span class='ocrx_word' id='word_1_117' title='bbox 265 817 388 852; x_wconf 85' lang='grc' dir='ltr'>σημαίαν</span> <span class='ocrx_word' id='word_1_118' title='bbox 401 817 450 843; x_wconf 75' lang='grc' dir='ltr'>τοῦ</span> <span class='ocrx_word' id='word_1_119' title='bbox 476 816 649 852; x_wconf 81' lang='grc' dir='ltr'>Βαῖμούντου</span> <span class='ocrx_word' id='word_1_120' title='bbox 682 816 836 852; x_wconf 76' lang='grc' dir='ltr'>κατέχοντα</span> 
     </span>
    </p>
   </div>
   <div class='ocr_carea' id='block_1_19' title="bbox 61 861 834 900">
    <p class='ocr_par' dir='ltr' id='par_1_19' title="bbox 61 861 834 900">
     <span class='ocr_line' id='line_1_19' title="bbox 61 861 834 900; baseline 0.001 -13"><span class='ocrx_word' id='word_1_121' title='bbox 61 862 147 889; x_wconf 63' lang='grc' dir='ltr'>δήτοῦ</span> <span class='ocrx_word' id='word_1_122' title='bbox 161 863 285 899; x_wconf 74' lang='grc' dir='ltr'>δόρατος,</span> <span class='ocrx_word' id='word_1_123' title='bbox 300 864 347 890; x_wconf 80' lang='grc' dir='ltr'>καὶ</span> <span class='ocrx_word' id='word_1_124' title='bbox 363 863 414 898; x_wconf 84' lang='grc' dir='ltr'>τὴν</span> <span class='ocrx_word' id='word_1_125' title='bbox 428 864 551 900; x_wconf 80' lang='grc' dir='ltr'>σημαίαν</span> <span class='ocrx_word' id='word_1_126' title='bbox 561 863 615 889; x_wconf 85' lang='grc' dir='ltr'><strong>τῶν</strong></span> <span class='ocrx_word' id='word_1_127' title='bbox 631 863 732 898; x_wconf 85' lang='grc' dir='ltr'>χειρῶν</span> <span class='ocrx_word' id='word_1_128' title='bbox 751 861 834 888; x_wconf 81' lang='grc' dir='ltr'>αὐτοῦ</span> 
     </span>
    </p>
   </div>
   <div class='ocr_carea' id='block_1_20' title="bbox 61 908 834 944">
    <p class='ocr_par' dir='ltr' id='par_1_20' title="bbox 61 908 834 944">
     <span class='ocr_line' id='line_1_20' title="bbox 61 908 834 944; baseline 0 -10"><span class='ocrx_word' id='word_1_129' title='bbox 61 909 222 942; x_wconf 67' lang='grc' dir='ltr'>ἀφαρπάσας,</span> <span class='ocrx_word' id='word_1_130' title='bbox 240 909 339 944; x_wconf 73' lang='grc' dir='ltr'>μικρὸν</span> <span class='ocrx_word' id='word_1_131' title='bbox 370 909 505 944; x_wconf 85' lang='grc' dir='ltr'>περιδινεῖ</span> <span class='ocrx_word' id='word_1_132' title='bbox 527 909 574 935; x_wconf 78' lang='grc' dir='ltr'>καὶ</span> <span class='ocrx_word' id='word_1_133' title='bbox 595 908 683 935; x_wconf 79' lang='grc' dir='ltr'>κλίνει</span> <span class='ocrx_word' id='word_1_134' title='bbox 708 908 777 943; x_wconf 76' lang='grc' dir='ltr'>πρὸς</span> <span class='ocrx_word' id='word_1_135' title='bbox 802 908 834 934; x_wconf 85' lang='grc' dir='ltr'><strong>τδ</strong></span> 
     </span>
    </p>
   </div>
   <div class='ocr_carea' id='block_1_21' title="bbox 61 954 834 990">
    <p class='ocr_par' dir='ltr' id='par_1_21' title="bbox 61 954 834 990">
     <span class='ocr_line' id='line_1_21' title="bbox 61 954 834 990; baseline 0 -10"><span class='ocrx_word' id='word_1_136' title='bbox 61 954 161 989; x_wconf 71' lang='grc' dir='ltr'>πρανὲς.</span> <span class='ocrx_word' id='word_1_137' title='bbox 177 956 209 983; x_wconf 79' lang='grc' dir='ltr'><strong>Οἱ</strong></span> <span class='ocrx_word' id='word_1_138' title='bbox 235 955 304 990; x_wconf 83' lang='grc' dir='ltr'>γοῦν</span> <span class='ocrx_word' id='word_1_139' title='bbox 327 955 440 983; x_wconf 85' lang='grc' dir='ltr'>Λατῖνοι</span> <span class='ocrx_word' id='word_1_140' title='bbox 468 955 518 990; x_wconf 88' lang='grc' dir='ltr'>τὴν</span> <span class='ocrx_word' id='word_1_141' title='bbox 547 955 671 990; x_wconf 83' lang='grc' dir='ltr'>σημαίαν</span> <span class='ocrx_word' id='word_1_142' title='bbox 686 954 716 988; x_wconf 68' lang='grc' dir='ltr'>ἐξ</span> <span class='ocrx_word' id='word_1_143' title='bbox 739 954 834 989; x_wconf 77' lang='grc' dir='ltr'>ὀρθίου</span> 
     </span>
    </p>
   </div>
   <div class='ocr_carea' id='block_1_22' title="bbox 61 999 835 1036">
    <p class='ocr_par' dir='ltr' id='par_1_22' title="bbox 61 999 835 1036">
     <span class='ocr_line' id='line_1_22' title="bbox 61 999 835 1036; baseline 0 -10"><span class='ocrx_word' id='word_1_144' title='bbox 61 1001 185 1036; x_wconf 62' lang='grc' dir='ltr'>σχήματος</span> <span class='ocrx_word' id='word_1_145' title='bbox 213 1001 431 1029; x_wconf 82' lang='grc' dir='ltr'>κατακλιθεῖσαν</span> <span class='ocrx_word' id='word_1_146' title='bbox 451 1001 618 1036; x_wconf 67' lang='grc' dir='ltr'>ἑωρακότες,</span> <span class='ocrx_word' id='word_1_147' title='bbox 648 1001 678 1027; x_wconf 81' lang='grc' dir='ltr'>ὲν</span> <span class='ocrx_word' id='word_1_148' title='bbox 702 999 835 1035; x_wconf 79' lang='grc' dir='ltr'><strong>συγχύσει</strong></span> 
     </span>
    </p>
   </div>
   <div class='ocr_carea' id='block_1_23' title="bbox 60 1044 835 1084">
    <p class='ocr_par' dir='ltr' id='par_1_23' title="bbox 60 1044 835 1084">
     <span class='ocr_line' id='line_1_23' title="bbox 60 1044 835 1084; baseline 0 -11"><span class='ocrx_word' id='word_1_149' title='bbox 60 1047 187 1080; x_wconf 71' lang='grc' dir='ltr'>γεγόνασι,</span> <span class='ocrx_word' id='word_1_150' title='bbox 203 1048 251 1074; x_wconf 79' lang='grc' dir='ltr'>καὶ</span> <span class='ocrx_word' id='word_1_151' title='bbox 268 1047 310 1082; x_wconf 70' lang='grc' dir='ltr'><strong>ἐφ’</strong></span> <span class='ocrx_word' id='word_1_152' title='bbox 323 1048 421 1083; x_wconf 79' lang='grc' dir='ltr'>ἑτέραν</span> <span class='ocrx_word' id='word_1_153' title='bbox 439 1047 591 1084; x_wconf 71' lang='grc' dir='ltr'>ἐτράποντο</span> <span class='ocrx_word' id='word_1_154' title='bbox 606 1047 740 1083; x_wconf 78' lang='grc' dir='ltr'>ἀτραπὸν,</span> <span class='ocrx_word' id='word_1_155' title='bbox 751 1047 785 1073; x_wconf 79' lang='grc' dir='ltr'>δι’</span> <span class='ocrx_word' id='word_1_156' title='bbox 800 1044 835 1084; x_wconf 81' lang='grc' dir='ltr'><strong>ἧς</strong></span> 
     </span>
    </p>
   </div>
   <div class='ocr_carea' id='block_1_24' title="bbox 60 1091 836 1129">
    <p class='ocr_par' dir='ltr' id='par_1_24' title="bbox 60 1091 836 1129">
     <span class='ocr_line' id='line_1_24' title="bbox 60 1091 836 1129; baseline 0.001 -11"><span class='ocrx_word' id='word_1_157' title='bbox 60 1091 133 1119; x_wconf 76' lang='grc' dir='ltr'>καὶτὰ</span> <span class='ocrx_word' id='word_1_158' title='bbox 142 1093 265 1129; x_wconf 86' lang='grc' dir='ltr'>Τρίκαλα</span> <span class='ocrx_word' id='word_1_159' title='bbox 275 1093 531 1128; x_wconf 78' lang='grc' dir='ltr'>καταλαμϐάνουσιν</span> <span class='ocrx_word' id='word_1_160' title='bbox 538 1093 588 1129; x_wconf 69' lang='grc' dir='ltr'>ήδη</span> <span class='ocrx_word' id='word_1_161' title='bbox 598 1093 836 1128; x_wconf 83' lang='grc' dir='ltr'>προκατασχεθέν-</span> 
     </span>
    </p>
   </div>
   <div class='ocr_carea' id='block_1_25' title="bbox 60 1129 838 1175">
    <p class='ocr_par' dir='ltr' id='par_1_25' title="bbox 60 1129 838 1175">
     <span class='ocr_line' id='line_1_25' title="bbox 60 1129 838 1175; baseline 0.003 -12"><span class='ocrx_word' id='word_1_162' title='bbox 60 1145 87 1163; x_wconf 67' lang='grc' dir='ltr'>τι</span> <span class='ocrx_word' id='word_1_163' title='bbox 100 1139 169 1174; x_wconf 84' lang='grc' dir='ltr'>πσρά</span> <span class='ocrx_word' id='word_1_164' title='bbox 178 1147 260 1166; x_wconf 84' lang='grc' dir='ltr'>τινων</span> <span class='ocrx_word' id='word_1_165' title='bbox 280 1139 334 1166; x_wconf 87' lang='grc' dir='ltr'>τῶν</span> <span class='ocrx_word' id='word_1_166' title='bbox 345 1129 571 1174; x_wconf 50' lang='grc' dir='ltr'>τοξΒαῖμού-λτου</span> <span class='ocrx_word' id='word_1_167' title='bbox 581 1139 650 1175; x_wconf 76' lang='grc' dir='ltr'>πρὸς</span> <span class='ocrx_word' id='word_1_168' title='bbox 660 1139 690 1165; x_wconf 81' lang='grc' dir='ltr'>τὸ</span> <span class='ocrx_word' id='word_1_169' title='bbox 702 1139 838 1166; x_wconf 85' lang='grc' dir='ltr'>Λυκοστό-</span> 
     </span>
    </p>
   </div>
   <div class='ocr_carea' id='block_1_26' title="bbox 61 1184 837 1220">
    <p class='ocr_par' dir='ltr' id='par_1_26' title="bbox 61 1184 837 1220">
     <span class='ocr_line' id='line_1_26' title="bbox 61 1184 837 1220; baseline 0.004 -11"><span class='ocrx_word' id='word_1_170' title='bbox 61 1191 112 1216; x_wconf 79' lang='grc' dir='ltr'>μιον</span> <span class='ocrx_word' id='word_1_171' title='bbox 124 1185 289 1218; x_wconf 73' lang='grc' dir='ltr'>φευγόντων.</span> <span class='ocrx_word' id='word_1_172' title='bbox 301 1185 422 1212; x_wconf 78' lang='grc' dir='ltr'>Κάκεῖσε</span> <span class='ocrx_word' id='word_1_173' title='bbox 434 1186 504 1217; x_wconf 84' lang='grc' dir='ltr'>τέως</span> <span class='ocrx_word' id='word_1_174' title='bbox 518 1185 660 1220; x_wconf 75' lang='grc' dir='ltr'>ηὐλίζοντο</span> <span class='ocrx_word' id='word_1_175' title='bbox 674 1185 769 1212; x_wconf 86' lang='grc' dir='ltr'>¹¹εῖσω</span> <span class='ocrx_word' id='word_1_176' title='bbox 776 1184 837 1212; x_wconf 84' lang='grc' dir='ltr'>τού-</span> 
     </span>
    </p>
   </div>
   <div class='ocr_carea' id='block_1_27' title="bbox 60 1229 837 1265">
    <p class='ocr_par' dir='ltr' id='par_1_27' title="bbox 60 1229 837 1265">
     <span class='ocr_line' id='line_1_27' title="bbox 60 1229 837 1265; baseline 0.003 -10"><span class='ocrx_word' id='word_1_177' title='bbox 60 1237 105 1256; x_wconf 82' lang='grc' dir='ltr'><strong>των</strong></span> <span class='ocrx_word' id='word_1_178' title='bbox 116 1230 270 1264; x_wconf 76' lang='grc' dir='ltr'><strong>γεγονότες⁸</strong></span> <span class='ocrx_word' id='word_1_179' title='bbox 284 1229 390 1256; x_wconf 74' lang='grc' dir='ltr'>ἐκεῖθεν</span> <span class='ocrx_word' id='word_1_180' title='bbox 407 1229 436 1256; x_wconf 76' lang='grc' dir='ltr'>δὲ</span> <span class='ocrx_word' id='word_1_181' title='bbox 455 1229 701 1264; x_wconf 72' lang='grc' dir='ltr'>καταλαμϐάνουσι</span> <span class='ocrx_word' id='word_1_182' title='bbox 713 1230 762 1265; x_wconf 78' lang='grc' dir='ltr'>τὴν</span> <span class='ocrx_word' id='word_1_183' title='bbox 779 1231 837 1257; x_wconf 82' lang='grc' dir='ltr'><strong>Κα-</strong></span> 
     </span>
    </p>
   </div>
   <div class='ocr_carea' id='block_1_28' title="bbox 59 1275 837 1311">
    <p class='ocr_par' dir='ltr' id='par_1_28' title="bbox 59 1275 837 1311">
     <span class='ocr_line' id='line_1_28' title="bbox 59 1275 837 1311; baseline 0.001 -10"><span class='ocrx_word' id='word_1_184' title='bbox 59 1277 169 1310; x_wconf 80' lang='grc' dir='ltr'>στορίσν.</span> <span class='ocrx_word' id='word_1_185' title='bbox 187 1276 217 1302; x_wconf 91' lang='lat'><strong>&#39;0</strong></span> <span class='ocrx_word' id='word_1_186' title='bbox 231 1275 263 1302; x_wconf 75' lang='grc' dir='ltr'>δὲ</span> <span class='ocrx_word' id='word_1_187' title='bbox 279 1275 409 1310; x_wconf 84' lang='grc' dir='ltr'>βασιλεὺς</span> <span class='ocrx_word' id='word_1_188' title='bbox 427 1276 603 1310; x_wconf 71' lang='grc' dir='ltr'>ὑποστρέψας</span> <span class='ocrx_word' id='word_1_189' title='bbox 622 1276 675 1302; x_wconf 76' lang='grc' dir='ltr'>ἀπὸ</span> <span class='ocrx_word' id='word_1_190' title='bbox 694 1276 837 1311; x_wconf 80' lang='grc' dir='ltr'>Λαρίσσης</span> 
     </span>
    </p>
   </div>
   <div class='ocr_carea' id='block_1_29' title="bbox 59 1321 838 1357">
    <p class='ocr_par' dir='ltr' id='par_1_29' title="bbox 59 1321 838 1357">
     <span class='ocr_line' id='line_1_29' title="bbox 59 1321 838 1357; baseline 0.001 -11"><span class='ocrx_word' id='word_1_191' title='bbox 59 1321 97 1347; x_wconf 69' lang='grc' dir='ltr'>καὶ</span> <span class='ocrx_word' id='word_1_192' title='bbox 117 1322 162 1357; x_wconf 81' lang='grc' dir='ltr'>τὴν</span> <span class='ocrx_word' id='word_1_193' title='bbox 187 1322 394 1357; x_wconf 74' lang='grc' dir='ltr'>Θεσσαλονίκην</span> <span class='ocrx_word' id='word_1_194' title='bbox 413 1321 586 1354; x_wconf 79' lang='grc' dir='ltr'>καταλαϐὼν,</span> <span class='ocrx_word' id='word_1_195' title='bbox 614 1321 708 1353; x_wconf 81' lang='grc' dir='ltr'>ὁποῖος</span> <span class='ocrx_word' id='word_1_196' title='bbox 732 1322 838 1353; x_wconf 75' lang='grc' dir='ltr'>ἐκεῖνος</span> 
     </span>
    </p>
   </div>
   <div class='ocr_carea' id='block_1_30' title="bbox 58 1366 838 1402">
    <p class='ocr_par' dir='ltr' id='par_1_30' title="bbox 58 1366 838 1402">
     <span class='ocr_line' id='line_1_30' title="bbox 58 1366 838 1402; baseline 0.001 -10"><span class='ocrx_word' id='word_1_197' title='bbox 58 1366 156 1400; x_wconf 77' lang='grc' dir='ltr'>περὶτὰ</span> <span class='ocrx_word' id='word_1_198' title='bbox 169 1366 285 1393; x_wconf 86' lang='grc' dir='ltr'>τοιαῦτα</span> <span class='ocrx_word' id='word_1_199' title='bbox 305 1367 373 1401; x_wconf 85' lang='grc' dir='ltr'>ταχὺ</span> <span class='ocrx_word' id='word_1_200' title='bbox 390 1367 462 1402; x_wconf 86' lang='grc' dir='ltr'>μάλα</span> <span class='ocrx_word' id='word_1_201' title='bbox 476 1366 543 1402; x_wconf 66' lang='grc' dir='ltr'>πρὸς</span> <span class='ocrx_word' id='word_1_202' title='bbox 560 1367 623 1398; x_wconf 81' lang='grc' dir='ltr'>τοὺς</span> <span class='ocrx_word' id='word_1_203' title='bbox 641 1367 690 1393; x_wconf 86' lang='grc' dir='ltr'><strong>σὺν</strong></span> <span class='ocrx_word' id='word_1_204' title='bbox 714 1366 752 1401; x_wconf 82' lang='grc' dir='ltr'>τῷ</span> <span class='ocrx_word' id='word_1_205' title='bbox 773 1367 838 1393; x_wconf 84' lang='grc' dir='ltr'><strong>Βαῖ-</strong></span> 
     </span>
    </p>
   </div>
   <div class='ocr_carea' id='block_1_31' title="bbox 60 1411 837 1448">
    <p class='ocr_par' dir='ltr' id='par_1_31' title="bbox 60 1411 837 1448">
     <span class='ocr_line' id='line_1_31' title="bbox 60 1411 837 1448; baseline 0.001 -11"><span class='ocrx_word' id='word_1_206' title='bbox 60 1412 154 1447; x_wconf 77' lang='grc' dir='ltr'>μούντῳ</span> <span class='ocrx_word' id='word_1_207' title='bbox 182 1413 310 1448; x_wconf 86' lang='grc' dir='ltr'>κὸμητας</span> <span class='ocrx_word' id='word_1_208' title='bbox 338 1413 516 1444; x_wconf 79' lang='grc' dir='ltr'>ἀποστείλας,</span> <span class='ocrx_word' id='word_1_209' title='bbox 544 1412 645 1443; x_wconf 83' lang='grc' dir='ltr'>πολλὰς</span> <span class='ocrx_word' id='word_1_210' title='bbox 674 1411 837 1447; x_wconf 78' lang='grc' dir='ltr'>ὑποσχέσεις</span> 
     </span>
    </p>
   </div>
   <div class='ocr_carea' id='block_1_32' title="bbox 59 1459 839 1494">
    <p class='ocr_par' dir='ltr' id='par_1_32' title="bbox 59 1459 839 1494">
     <span class='ocr_line' id='line_1_32' title="bbox 59 1459 839 1494; baseline 0.001 -10"><span class='ocrx_word' id='word_1_211' title='bbox 59 1459 205 1494; x_wconf 73' lang='grc' dir='ltr'>ἐπεποίητο,</span> <span class='ocrx_word' id='word_1_212' title='bbox 220 1461 244 1486; x_wconf 68' lang='grc' dir='ltr'><strong>εί</strong></span> <span class='ocrx_word' id='word_1_213' title='bbox 264 1459 310 1485; x_wconf 72' lang='grc' dir='ltr'><strong>τὸν</strong></span> <span class='ocrx_word' id='word_1_214' title='bbox 327 1459 496 1494; x_wconf 83' lang='grc' dir='ltr'>Βαῖμοῦντον</span> <span class='ocrx_word' id='word_1_215' title='bbox 507 1459 569 1490; x_wconf 76' lang='grc' dir='ltr'>τοὺς</span> <span class='ocrx_word' id='word_1_216' title='bbox 586 1459 700 1493; x_wconf 83' lang='grc' dir='ltr'>μισθοὺς</span> <span class='ocrx_word' id='word_1_217' title='bbox 719 1459 839 1494; x_wconf 78' lang='grc' dir='ltr'>ἀπαιτή-</span> 
     </span>
    </p>
   </div>
   <div class='ocr_carea' id='block_1_33' title="bbox 60 1503 837 1540">
    <p class='ocr_par' dir='ltr' id='par_1_33' title="bbox 60 1503 837 1540">
     <span class='ocr_line' id='line_1_33' title="bbox 60 1503 837 1540; baseline 0 -10"><span class='ocrx_word' id='word_1_218' title='bbox 60 1513 139 1531; x_wconf 83' lang='grc' dir='ltr'>οουσιν</span> <span class='ocrx_word' id='word_1_219' title='bbox 153 1505 198 1537; x_wconf 77' lang='grc' dir='ltr'>οὓς</span> <span class='ocrx_word' id='word_1_220' title='bbox 215 1514 270 1540; x_wconf 86' lang='grc' dir='ltr'><strong>περ</strong></span> <span class='ocrx_word' id='word_1_221' title='bbox 293 1505 314 1521; x_wconf 82' lang='grc'><strong>¹⁶</strong></span> <span class='ocrx_word' id='word_1_222' title='bbox 330 1505 423 1537; x_wconf 81' lang='grc' dir='ltr'>αὐτοῖς</span> <span class='ocrx_word' id='word_1_223' title='bbox 441 1505 486 1531; x_wconf 77' lang='grc' dir='ltr'>καὶ</span> <span class='ocrx_word' id='word_1_224' title='bbox 510 1505 655 1539; x_wconf 78' lang='grc' dir='ltr'>ὑπέσχετο·</span> <span class='ocrx_word' id='word_1_225' title='bbox 672 1503 720 1531; x_wconf 80' lang='grc' dir='ltr'>τοῦ</span> <span class='ocrx_word' id='word_1_226' title='bbox 745 1504 774 1530; x_wconf 79' lang='grc' dir='ltr'>δὲ</span> <span class='ocrx_word' id='word_1_227' title='bbox 799 1503 837 1539; x_wconf 84' lang='grc' dir='ltr'>μὴ</span> 
     </span>
    </p>
   </div>
   <div class='ocr_carea' id='block_1_34' title="bbox 886 264 1671 299">
    <p class='ocr_par' dir='ltr' id='par_1_34' title="bbox 886 264 1671 299">
     <span class='ocr_line' id='line_1_34' title="bbox 886 264 1671 299; baseline -0.001 -7"><span class='ocrx_word' id='word_1_228' title='bbox 886 265 997 297; x_wconf 83' lang='lat' dir='ltr'><strong>animis,</strong></span> <span class='ocrx_word' id='word_1_229' title='bbox 1015 269 1043 292; x_wconf 80' lang='lat' dir='ltr'><strong>et</strong></span> <span class='ocrx_word' id='word_1_230' title='bbox 1058 265 1150 299; x_wconf 79' lang='lat' dir='ltr'><strong>fugam</strong></span> <span class='ocrx_word' id='word_1_231' title='bbox 1165 266 1288 299; x_wconf 78' lang='lat' dir='ltr'><strong>cogitare</strong></span> <span class='ocrx_word' id='word_1_232' title='bbox 1303 268 1408 292; x_wconf 87' lang='lat' dir='ltr'><strong>temere</strong></span> <span class='ocrx_word' id='word_1_233' title='bbox 1432 264 1620 292; x_wconf 69' lang='lat' dir='ltr'><strong>crediderant.</strong></span> <span class='ocrx_word' id='word_1_234' title='bbox 1635 266 1671 291; x_wconf 79' lang='lat' dir='ltr'><strong>At</strong></span> 
     </span>
    </p>
   </div>
   <div class='ocr_carea' id='block_1_35' title="bbox 885 309 1671 345">
    <p class='ocr_par' dir='ltr' id='par_1_35' title="bbox 885 309 1671 345">
     <span class='ocr_line' id='line_1_35' title="bbox 885 309 1671 345; baseline -0.001 -7"><span class='ocrx_word' id='word_1_235' title='bbox 885 317 931 338; x_wconf 81' lang='lat' dir='ltr'><strong>ars</strong></span> <span class='ocrx_word' id='word_1_236' title='bbox 945 314 1005 338; x_wconf 84' lang='lat' dir='ltr'><strong>erat</strong></span> <span class='ocrx_word' id='word_1_237' title='bbox 1017 310 1063 337; x_wconf 88' lang='lat' dir='ltr'><strong>illa</strong></span> <span class='ocrx_word' id='word_1_238' title='bbox 1078 309 1261 337; x_wconf 87' lang='lat' dir='ltr'><strong>versutissimi</strong></span> <span class='ocrx_word' id='word_1_239' title='bbox 1279 309 1436 341; x_wconf 89' lang='lat' dir='ltr'><strong>Baimundi,</strong></span> <span class='ocrx_word' id='word_1_240' title='bbox 1453 309 1499 344; x_wconf 87' lang='lat' dir='ltr'><strong>qui</strong></span> <span class='ocrx_word' id='word_1_241' title='bbox 1517 309 1550 336; x_wconf 90' lang='lat' dir='ltr'><strong>ad</strong></span> <span class='ocrx_word' id='word_1_242' title='bbox 1565 310 1671 345; x_wconf 88' lang='lat' dir='ltr'><strong>primas</strong></span> 
     </span>
    </p>
   </div>
   <div class='ocr_carea' id='block_1_36' title="bbox 886 354 1673 390">
    <p class='ocr_par' dir='ltr' id='par_1_36' title="bbox 886 354 1673 390">
     <span class='ocr_line' id='line_1_36' title="bbox 886 354 1673 390; baseline 0 -7"><span class='ocrx_word' id='word_1_243' title='bbox 886 355 1063 383; x_wconf 86' lang='lat' dir='ltr'><strong>velitationes</strong></span> <span class='ocrx_word' id='word_1_244' title='bbox 1088 361 1161 383; x_wconf 76' lang='lat' dir='ltr'><strong>stare</strong></span> <span class='ocrx_word' id='word_1_245' title='bbox 1176 362 1254 388; x_wconf 85' lang='lat' dir='ltr'><strong>suos,</strong></span> <span class='ocrx_word' id='word_1_246' title='bbox 1273 354 1389 390; x_wconf 77' lang='lat' dir='ltr'><strong>objectis</strong></span> <span class='ocrx_word' id='word_1_247' title='bbox 1403 355 1483 381; x_wconf 89' lang='lat' dir='ltr'><strong>modo</strong></span> <span class='ocrx_word' id='word_1_248' title='bbox 1499 355 1595 387; x_wconf 84' lang='lat' dir='ltr'><strong>scutis,</strong></span> <span class='ocrx_word' id='word_1_249' title='bbox 1621 363 1673 383; x_wconf 87' lang='lat' dir='ltr'><strong>nec</strong></span> 
     </span>
    </p>
   </div>
   <div class='ocr_carea' id='block_1_37' title="bbox 884 400 1671 440">
    <p class='ocr_par' dir='ltr' id='par_1_37' title="bbox 884 400 1671 440">
     <span class='ocr_line' id='line_1_37' title="bbox 884 400 1671 440; baseline -0.004 -10"><span class='ocrx_word' id='word_1_250' title='bbox 884 404 912 430; x_wconf 88' lang='lat' dir='ltr'><strong>in</strong></span> <span class='ocrx_word' id='word_1_251' title='bbox 929 402 1024 430; x_wconf 87' lang='lat' dir='ltr'><strong>hostes</strong></span> <span class='ocrx_word' id='word_1_252' title='bbox 1039 401 1116 440; x_wconf 85' lang='lat' dir='ltr'><strong>ferri,</strong></span> <span class='ocrx_word' id='word_1_253' title='bbox 1133 401 1224 436; x_wconf 85' lang='lat' dir='ltr'><strong>quoad</strong></span> <span class='ocrx_word' id='word_1_254' title='bbox 1242 401 1335 436; x_wconf 80' lang='lat' dir='ltr'><strong>plures</strong></span> <span class='ocrx_word' id='word_1_255' title='bbox 1361 400 1515 432; x_wconf 85' lang='lat' dir='ltr'><strong>alllucrent,</strong></span> <span class='ocrx_word' id='word_1_256' title='bbox 1539 401 1671 435; x_wconf 86' lang='lat' dir='ltr'><strong>jusserat.</strong></span> 
     </span>
    </p>
   </div>
   <div class='ocr_carea' id='block_1_38' title="bbox 885 446 1673 481">
    <p class='ocr_par' dir='ltr' id='par_1_38' title="bbox 885 446 1673 481">
     <span class='ocr_line' id='line_1_38' title="bbox 885 446 1673 481; baseline -0.003 -6"><span class='ocrx_word' id='word_1_257' title='bbox 885 448 1074 476; x_wconf 80' lang='lat' dir='ltr'><strong>Protostrator</strong></span> <span class='ocrx_word' id='word_1_258' title='bbox 1102 455 1166 475; x_wconf 89' lang='lat' dir='ltr'><strong>vero</strong></span> <span class='ocrx_word' id='word_1_259' title='bbox 1190 446 1305 474; x_wconf 79' lang='lat' dir='ltr'><strong>Michael</strong></span> <span class='ocrx_word' id='word_1_260' title='bbox 1337 454 1400 474; x_wconf 90' lang='lat' dir='ltr'><strong>cum</strong></span> <span class='ocrx_word' id='word_1_261' title='bbox 1428 454 1494 474; x_wconf 89' lang='lat' dir='ltr'><strong>suos</strong></span> <span class='ocrx_word' id='word_1_262' title='bbox 1523 453 1571 481; x_wconf 89' lang='lat' dir='ltr'><strong>per</strong></span> <span class='ocrx_word' id='word_1_263' title='bbox 1599 447 1673 474; x_wconf 89' lang='lat' dir='ltr'><strong>hunc</strong></span> 
     </span>
    </p>
   </div>
   <div class='ocr_carea' id='block_1_39' title="bbox 885 493 1672 529">
    <p class='ocr_par' dir='ltr' id='par_1_39' title="bbox 885 493 1672 529">
     <span class='ocr_line' id='line_1_39' title="bbox 885 493 1672 529; baseline -0.004 -7"><span class='ocrx_word' id='word_1_264' title='bbox 885 494 996 522; x_wconf 90' lang='lat' dir='ltr'><strong>modum</strong></span> <span class='ocrx_word' id='word_1_265' title='bbox 1017 494 1149 529; x_wconf 72' lang='lat' dir='ltr'><strong>paulatim</strong></span> <span class='ocrx_word' id='word_1_266' title='bbox 1164 494 1235 521; x_wconf 85' lang='lat' dir='ltr'><strong>intra</strong></span> <span class='ocrx_word' id='word_1_267' title='bbox 1257 493 1356 520; x_wconf 84' lang='lat' dir='ltr'><strong>saltum</strong></span> <span class='ocrx_word' id='word_1_268' title='bbox 1376 493 1517 520; x_wconf 86' lang='lat' dir='ltr'><strong>elllueutes</strong></span> <span class='ocrx_word' id='word_1_269' title='bbox 1533 496 1672 525; x_wconf 86' lang='lat' dir='ltr'><strong>cerneret,</strong></span> 
     </span>
    </p>
   </div>
   <div class='ocr_carea' id='block_1_40' title="bbox 885 537 1672 576">
    <p class='ocr_par' dir='ltr' id='par_1_40' title="bbox 885 537 1672 576">
     <span class='ocr_line' id='line_1_40' title="bbox 885 537 1672 576; baseline -0.005 -8"><span class='ocrx_word' id='word_1_270' title='bbox 885 540 1027 576; x_wconf 75' lang='lat' dir='ltr'><strong>ingressus</strong></span> <span class='ocrx_word' id='word_1_271' title='bbox 1052 547 1114 567; x_wconf 89' lang='lat' dir='ltr'><strong>cum</strong></span> <span class='ocrx_word' id='word_1_272' title='bbox 1146 539 1200 567; x_wconf 89' lang='lat' dir='ltr'><strong>illis</strong></span> <span class='ocrx_word' id='word_1_273' title='bbox 1214 544 1241 567; x_wconf 88' lang='lat' dir='ltr'><strong>et</strong></span> <span class='ocrx_word' id='word_1_274' title='bbox 1260 539 1319 574; x_wconf 88' lang='lat' dir='ltr'><strong>ipse</strong></span> <span class='ocrx_word' id='word_1_275' title='bbox 1335 543 1387 566; x_wconf 91' lang='lat' dir='ltr'><strong>est.</strong></span> <span class='ocrx_word' id='word_1_276' title='bbox 1416 539 1502 572; x_wconf 87' lang='lat' dir='ltr'><strong>Quem</strong></span> <span class='ocrx_word' id='word_1_277' title='bbox 1527 537 1584 573; x_wconf 84' lang='lat' dir='ltr'><strong>jam</strong></span> <span class='ocrx_word' id='word_1_278' title='bbox 1610 545 1672 565; x_wconf 88' lang='lat' dir='ltr'><strong>cum</strong></span> 
     </span>
    </p>
   </div>
   <div class='ocr_carea' id='block_1_41' title="bbox 887 583 1674 621">
    <p class='ocr_par' dir='ltr' id='par_1_41' title="bbox 887 583 1674 621">
     <span class='ocr_line' id='line_1_41' title="bbox 887 583 1674 621; baseline -0.004 -8"><span class='ocrx_word' id='word_1_279' title='bbox 887 591 946 613; x_wconf 92' lang='lat' dir='ltr'><strong>toto</strong></span> <span class='ocrx_word' id='word_1_280' title='bbox 966 586 1079 621; x_wconf 74' lang='lat' dir='ltr'><strong>agmine</strong></span> <span class='ocrx_word' id='word_1_281' title='bbox 1096 589 1256 621; x_wconf 82' lang='lat' dir='ltr'><strong>penetrasse</strong></span> <span class='ocrx_word' id='word_1_282' title='bbox 1277 584 1419 619; x_wconf 73' lang='lat' dir='ltr'><strong>angustias</strong></span> <span class='ocrx_word' id='word_1_283' title='bbox 1442 584 1486 611; x_wconf 90' lang='lat' dir='ltr'><strong>ubi</strong></span> <span class='ocrx_word' id='word_1_284' title='bbox 1506 584 1583 616; x_wconf 87' lang='lat' dir='ltr'><strong>vidit,</strong></span> <span class='ocrx_word' id='word_1_285' title='bbox 1601 583 1674 611; x_wconf 85' lang='lat' dir='ltr'><strong>Gau-</strong></span> 
     </span>
    </p>
   </div>
   <div class='ocr_carea' id='block_1_42' title="bbox 887 629 1675 666">
    <p class='ocr_par' dir='ltr' id='par_1_42' title="bbox 887 629 1675 666">
     <span class='ocr_line' id='line_1_42' title="bbox 887 629 1675 666; baseline -0.005 -7"><span class='ocrx_word' id='word_1_286' title='bbox 887 633 941 664; x_wconf 72' lang='lat' dir='ltr'><strong>det,</strong></span> <span class='ocrx_word' id='word_1_287' title='bbox 956 636 985 659; x_wconf 84' lang='lat' dir='ltr'><strong>ut</strong></span> <span class='ocrx_word' id='word_1_288' title='bbox 1002 640 1114 659; x_wconf 75' lang='lat' dir='ltr'><strong>occursu</strong></span> <span class='ocrx_word' id='word_1_289' title='bbox 1139 631 1237 666; x_wconf 60' lang='lat' dir='ltr'><strong>praeda:</strong></span> <span class='ocrx_word' id='word_1_290' title='bbox 1259 631 1298 658; x_wconf 83' lang='lat' dir='ltr'><strong>leo</strong></span> <span class='ocrx_word' id='word_1_291' title='bbox 1322 635 1413 665; x_wconf 80' lang='lat' dir='ltr'><strong>raptor</strong></span> <span class='ocrx_word' id='word_1_292' title='bbox 1437 631 1543 665; x_wconf 76' lang='lat' dir='ltr'><strong>opimw.</strong></span> <span class='ocrx_word' id='word_1_293' title='bbox 1568 629 1675 656; x_wconf 83' lang='lat' dir='ltr'><strong>diceret</strong></span> 
     </span>
    </p>
   </div>
   <div class='ocr_carea' id='block_1_43' title="bbox 886 676 1674 714">
    <p class='ocr_par' dir='ltr' id='par_1_43' title="bbox 886 676 1674 714">
     <span class='ocr_line' id='line_1_43' title="bbox 886 676 1674 714; baseline -0.005 -8"><span class='ocrx_word' id='word_1_294' title='bbox 886 679 986 714; x_wconf 84' lang='lat' dir='ltr'><strong>aliquis</strong></span> <span class='ocrx_word' id='word_1_295' title='bbox 1005 678 1162 709; x_wconf 85' lang='lat' dir='ltr'><strong>Homerice,</strong></span> <span class='ocrx_word' id='word_1_296' title='bbox 1190 678 1300 710; x_wconf 87' lang='lat' dir='ltr'><strong>videns,</strong></span> <span class='ocrx_word' id='word_1_297' title='bbox 1331 678 1454 712; x_wconf 83' lang='lat' dir='ltr'><strong>inquam,</strong></span> <span class='ocrx_word' id='word_1_298' title='bbox 1470 681 1497 704; x_wconf 88' lang='lat' dir='ltr'><strong>et</strong></span> <span class='ocrx_word' id='word_1_299' title='bbox 1514 677 1558 704; x_wconf 80' lang='lat' dir='ltr'><strong>vix</strong></span> <span class='ocrx_word' id='word_1_300' title='bbox 1585 676 1674 704; x_wconf 88' lang='lat' dir='ltr'><strong>oculis</strong></span> 
     </span>
    </p>
   </div>
   <div class='ocr_carea' id='block_1_44' title="bbox 887 723 1675 761">
    <p class='ocr_par' dir='ltr' id='par_1_44' title="bbox 887 723 1675 761">
     <span class='ocr_line' id='line_1_44' title="bbox 887 723 1675 761; baseline -0.006 -9"><span class='ocrx_word' id='word_1_301' title='bbox 887 733 944 761; x_wconf 69' lang='lat' dir='ltr'><strong>pra:</strong></span> <span class='ocrx_word' id='word_1_302' title='bbox 970 724 1071 760; x_wconf 75' lang='lat' dir='ltr'><strong>gaudio</strong></span> <span class='ocrx_word' id='word_1_303' title='bbox 1101 724 1216 752; x_wconf 85' lang='lat' dir='ltr'><strong>credens</strong></span> <span class='ocrx_word' id='word_1_304' title='bbox 1239 723 1420 757; x_wconf 85' lang='lat' dir='ltr'><strong>Baimuudus,</strong></span> <span class='ocrx_word' id='word_1_305' title='bbox 1450 727 1675 758; x_wconf 81' lang='lat' dir='ltr'><strong>protostratorein</strong></span> 
     </span>
    </p>
   </div>
   <div class='ocr_carea' id='block_1_45' title="bbox 887 769 1676 805">
    <p class='ocr_par' dir='ltr' id='par_1_45' title="bbox 887 769 1676 805">
     <span class='ocr_line' id='line_1_45' title="bbox 887 769 1676 805; baseline -0.006 -6"><span class='ocrx_word' id='word_1_306' title='bbox 887 779 949 800; x_wconf 91' lang='lat' dir='ltr'><strong>cum</strong></span> <span class='ocrx_word' id='word_1_307' title='bbox 975 771 1098 799; x_wconf 78' lang='lat' dir='ltr'><strong>exercitu</strong></span> <span class='ocrx_word' id='word_1_308' title='bbox 1119 771 1243 798; x_wconf 87' lang='lat' dir='ltr'><strong>clausum</strong></span> <span class='ocrx_word' id='word_1_309' title='bbox 1273 771 1346 802; x_wconf 87' lang='lat' dir='ltr'><strong>loco,</strong></span> <span class='ocrx_word' id='word_1_310' title='bbox 1377 770 1487 805; x_wconf 83' lang='lat' dir='ltr'><strong>sibique</strong></span> <span class='ocrx_word' id='word_1_311' title='bbox 1508 769 1676 804; x_wconf 78' lang='lat' dir='ltr'><strong>expositum,</strong></span> 
     </span>
    </p>
   </div>
   <div class='ocr_carea' id='block_1_46' title="bbox 888 814 1676 850">
    <p class='ocr_par' dir='ltr' id='par_1_46' title="bbox 888 814 1676 850">
     <span class='ocr_line' id='line_1_46' title="bbox 888 814 1676 850; baseline -0.005 -6"><span class='ocrx_word' id='word_1_312' title='bbox 888 821 946 844; x_wconf 92' lang='lat' dir='ltr'><strong>toto</strong></span> <span class='ocrx_word' id='word_1_313' title='bbox 962 817 988 844; x_wconf 91' lang='lat' dir='ltr'><strong>in</strong></span> <span class='ocrx_word' id='word_1_314' title='bbox 1002 817 1144 844; x_wconf 80' lang='lat' dir='ltr'><strong>Romanos</strong></span> <span class='ocrx_word' id='word_1_315' title='bbox 1166 823 1217 843; x_wconf 91' lang='lat' dir='ltr'><strong>suo</strong></span> <span class='ocrx_word' id='word_1_316' title='bbox 1242 823 1411 850; x_wconf 86' lang='lat' dir='ltr'><strong>suorumque</strong></span> <span class='ocrx_word' id='word_1_317' title='bbox 1436 815 1521 842; x_wconf 87' lang='lat' dir='ltr'><strong>simul</strong></span> <span class='ocrx_word' id='word_1_318' title='bbox 1551 814 1676 841; x_wconf 83' lang='lat' dir='ltr'><strong>incubuit</strong></span> 
     </span>
    </p>
   </div>
   <div class='ocr_carea' id='block_1_47' title="bbox 888 860 1675 898">
    <p class='ocr_par' dir='ltr' id='par_1_47' title="bbox 888 860 1675 898">
     <span class='ocr_line' id='line_1_47' title="bbox 888 860 1675 898; baseline -0.005 -8"><span class='ocrx_word' id='word_1_319' title='bbox 888 863 1009 898; x_wconf 81' lang='lat' dir='ltr'><strong>impetu;</strong></span> <span class='ocrx_word' id='word_1_320' title='bbox 1025 867 1053 890; x_wconf 86' lang='lat' dir='ltr'><strong>at</strong></span> <span class='ocrx_word' id='word_1_321' title='bbox 1071 863 1112 890; x_wconf 90' lang='lat' dir='ltr'><strong>illi</strong></span> <span class='ocrx_word' id='word_1_322' title='bbox 1126 870 1180 890; x_wconf 93' lang='lat' dir='ltr'><strong>non</strong></span> <span class='ocrx_word' id='word_1_323' title='bbox 1201 861 1322 889; x_wconf 85' lang='lat' dir='ltr'><strong>ferentes</strong></span> <span class='ocrx_word' id='word_1_324' title='bbox 1338 865 1413 896; x_wconf 78' lang='lat' dir='ltr'><strong>terga</strong></span> <span class='ocrx_word' id='word_1_325' title='bbox 1430 865 1583 888; x_wconf 88' lang='lat' dir='ltr'><strong>verterunt.</strong></span> <span class='ocrx_word' id='word_1_326' title='bbox 1604 860 1675 888; x_wconf 76' lang='lat' dir='ltr'><strong>Uzns</strong></span> 
     </span>
    </p>
   </div>
   <div class='ocr_carea' id='block_1_48' title="bbox 889 902 1676 942">
    <p class='ocr_par' dir='ltr' id='par_1_48' title="bbox 889 902 1676 942">
     <span class='ocr_line' id='line_1_48' title="bbox 889 902 1676 942; baseline -0.005 -8"><span class='ocrx_word' id='word_1_327' title='bbox 889 912 978 936; x_wconf 87' lang='lat' dir='ltr'><strong>tamen</strong></span> <span class='ocrx_word' id='word_1_328' title='bbox 993 902 1205 942; x_wconf 77' lang='lat' dir='ltr'><strong>appellationem</strong></span> <span class='ocrx_word' id='word_1_329' title='bbox 1224 915 1238 933; x_wconf 87' lang='lat' dir='ltr'><strong>a</strong></span> <span class='ocrx_word' id='word_1_330' title='bbox 1257 914 1357 941; x_wconf 76' lang='lat' dir='ltr'><strong>genere</strong></span> <span class='ocrx_word' id='word_1_331' title='bbox 1373 907 1498 938; x_wconf 88' lang='lat' dir='ltr'><strong>sortitus,</strong></span> <span class='ocrx_word' id='word_1_332' title='bbox 1513 905 1553 932; x_wconf 62' lang='lat' dir='ltr'><strong>\‘ir</strong></span> <span class='ocrx_word' id='word_1_333' title='bbox 1567 905 1676 932; x_wconf 88' lang='lat' dir='ltr'><strong>fortitu-</strong></span> 
     </span>
    </p>
   </div>
   <div class='ocr_carea' id='block_1_49' title="bbox 887 951 1676 988">
    <p class='ocr_par' dir='ltr' id='par_1_49' title="bbox 887 951 1676 988">
     <span class='ocr_line' id='line_1_49' title="bbox 887 951 1676 988; baseline -0.005 -7"><span class='ocrx_word' id='word_1_334' title='bbox 887 953 1050 981; x_wconf 83' lang='lat' dir='ltr'><strong>dinislaude</strong></span> <span class='ocrx_word' id='word_1_335' title='bbox 1060 953 1190 988; x_wconf 86' lang='lat' dir='ltr'><strong>inclytus,</strong></span> <span class='ocrx_word' id='word_1_336' title='bbox 1204 955 1237 980; x_wconf 87' lang='lat' dir='ltr'><strong>Et</strong></span> <span class='ocrx_word' id='word_1_337' title='bbox 1249 952 1367 987; x_wconf 77' lang='lat' dir='ltr'><strong>clypeum</strong></span> <span class='ocrx_word' id='word_1_338' title='bbox 1382 952 1527 987; x_wconf 72' lang='lat' dir='ltr'><strong>dextraque</strong></span> <span class='ocrx_word' id='word_1_339' title='bbox 1536 951 1676 978; x_wconf 63' lang='lat' dir='ltr'><strong>scicntia:-</strong></span> 
     </span>
    </p>
   </div>
   <div class='ocr_carea' id='block_1_50' title="bbox 887 996 1674 1034">
    <p class='ocr_par' dir='ltr' id='par_1_50' title="bbox 887 996 1674 1034">
     <span class='ocr_line' id='line_1_50' title="bbox 887 996 1674 1034; baseline -0.006 -7"><span class='ocrx_word' id='word_1_340' title='bbox 887 1007 968 1034; x_wconf 79' lang='lat' dir='ltr'><strong>vaque</strong></span> <span class='ocrx_word' id='word_1_341' title='bbox 978 998 1093 1032; x_wconf 79' lang='lat' dir='ltr'><strong>uibrare,</strong></span> <span class='ocrx_word' id='word_1_342' title='bbox 1108 1000 1171 1025; x_wconf 83' lang='lat' dir='ltr'><strong>item</strong></span> <span class='ocrx_word' id='word_1_343' title='bbox 1185 1003 1214 1025; x_wconf 92' lang='lat' dir='ltr'><strong>ut</strong></span> <span class='ocrx_word' id='word_1_344' title='bbox 1226 997 1325 1025; x_wconf 84' lang='lat' dir='ltr'><strong>Hector</strong></span> <span class='ocrx_word' id='word_1_345' title='bbox 1336 998 1382 1025; x_wconf 90' lang='lat' dir='ltr'><strong>ille</strong></span> <span class='ocrx_word' id='word_1_346' title='bbox 1392 997 1598 1029; x_wconf 87' lang='lat' dir='ltr'><strong>llomericus,in</strong></span> <span class='ocrx_word' id='word_1_347' title='bbox 1614 996 1674 1031; x_wconf 92' lang='lat' dir='ltr'><strong>ipso</strong></span> 
     </span>
    </p>
   </div>
   <div class='ocr_carea' id='block_1_51' title="bbox 887 1043 1674 1081">
    <p class='ocr_par' dir='ltr' id='par_1_51' title="bbox 887 1043 1674 1081">
     <span class='ocr_line' id='line_1_51' title="bbox 887 1043 1674 1081; baseline -0.004 -8"><span class='ocrx_word' id='word_1_348' title='bbox 887 1045 1075 1081; x_wconf 80' lang='lat' dir='ltr'><strong>angustiarum</strong></span> <span class='ocrx_word' id='word_1_349' title='bbox 1089 1053 1203 1080; x_wconf 72' lang='lat' dir='ltr'><strong>egressu</strong></span> <span class='ocrx_word' id='word_1_350' title='bbox 1217 1051 1278 1072; x_wconf 89' lang='lat' dir='ltr'><strong>cum</strong></span> <span class='ocrx_word' id='word_1_351' title='bbox 1291 1052 1306 1070; x_wconf 83' lang='lat' dir='ltr'><strong>a</strong></span> <span class='ocrx_word' id='word_1_352' title='bbox 1317 1045 1432 1076; x_wconf 79' lang='lat' dir='ltr'><strong>dextris,</strong></span> <span class='ocrx_word' id='word_1_353' title='bbox 1449 1052 1505 1079; x_wconf 93' lang='lat' dir='ltr'><strong>quo</strong></span> <span class='ocrx_word' id='word_1_354' title='bbox 1521 1043 1591 1071; x_wconf 88' lang='lat' dir='ltr'><strong>forte</strong></span> <span class='ocrx_word' id='word_1_355' title='bbox 1606 1051 1674 1078; x_wconf 92' lang='lat' dir='ltr'><strong>pro-</strong></span> 
     </span>
    </p>
   </div>
   <div class='ocr_carea' id='block_1_52' title="bbox 888 1090 1677 1125">
    <p class='ocr_par' dir='ltr' id='par_1_52' title="bbox 888 1090 1677 1125">
     <span class='ocr_line' id='line_1_52' title="bbox 888 1090 1677 1125; baseline 0 -7"><span class='ocrx_word' id='word_1_356' title='bbox 888 1099 939 1118; x_wconf 91' lang='lat' dir='ltr'><strong>nus</strong></span> <span class='ocrx_word' id='word_1_357' title='bbox 959 1096 1017 1118; x_wconf 86' lang='lat' dir='ltr'><strong>erat</strong></span> <span class='ocrx_word' id='word_1_358' title='bbox 1026 1091 1196 1118; x_wconf 89' lang='lat' dir='ltr'><strong>currentium</strong></span> <span class='ocrx_word' id='word_1_359' title='bbox 1210 1091 1340 1125; x_wconf 85' lang='lat' dir='ltr'><strong>impetus,</strong></span> <span class='ocrx_word' id='word_1_360' title='bbox 1354 1090 1496 1124; x_wconf 87' lang='lat' dir='ltr'><strong>inopinato</strong></span> <span class='ocrx_word' id='word_1_361' title='bbox 1509 1090 1677 1118; x_wconf 81' lang='lat' dir='ltr'><strong>declinasset</strong></span> 
     </span>
    </p>
   </div>
   <div class='ocr_carea' id='block_1_53' title="bbox 887 1135 1676 1172">
    <p class='ocr_par' dir='ltr' id='par_1_53' title="bbox 887 1135 1676 1172">
     <span class='ocr_line' id='line_1_53' title="bbox 887 1135 1676 1172; baseline -0.001 -8"><span class='ocrx_word' id='word_1_362' title='bbox 887 1137 1043 1172; x_wconf 80' lang='lat' dir='ltr'><strong>paululum,</strong></span> <span class='ocrx_word' id='word_1_363' title='bbox 1062 1136 1090 1164; x_wconf 91' lang='lat' dir='ltr'><strong>in</strong></span> <span class='ocrx_word' id='word_1_364' title='bbox 1105 1135 1234 1163; x_wconf 89' lang='lat' dir='ltr'><strong>Latinum</strong></span> <span class='ocrx_word' id='word_1_365' title='bbox 1251 1136 1376 1171; x_wconf 82' lang='lat' dir='ltr'><strong>proxime</strong></span> <span class='ocrx_word' id='word_1_366' title='bbox 1406 1142 1565 1171; x_wconf 87' lang='lat' dir='ltr'><strong>sequentem</strong></span> <span class='ocrx_word' id='word_1_367' title='bbox 1582 1137 1676 1163; x_wconf 84' lang='lat' dir='ltr'><strong>insur-</strong></span> 
     </span>
    </p>
   </div>
   <div class='ocr_carea' id='block_1_54' title="bbox 887 1182 1675 1218">
    <p class='ocr_par' dir='ltr' id='par_1_54' title="bbox 887 1182 1675 1218">
     <span class='ocr_line' id='line_1_54' title="bbox 887 1182 1675 1218; baseline -0.003 -7"><span class='ocrx_word' id='word_1_368' title='bbox 887 1183 959 1211; x_wconf 76' lang='lat' dir='ltr'><strong>rexit</strong></span> <span class='ocrx_word' id='word_1_369' title='bbox 990 1189 1067 1210; x_wconf 86' lang='lat' dir='ltr'><strong>vasto</strong></span> <span class='ocrx_word' id='word_1_370' title='bbox 1095 1183 1163 1216; x_wconf 88' lang='lat' dir='ltr'><strong>icttt,</strong></span> <span class='ocrx_word' id='word_1_371' title='bbox 1183 1191 1215 1210; x_wconf 84' lang='lat' dir='ltr'><strong>ex</strong></span> <span class='ocrx_word' id='word_1_372' title='bbox 1243 1190 1298 1218; x_wconf 89' lang='lat' dir='ltr'><strong>quo</strong></span> <span class='ocrx_word' id='word_1_373' title='bbox 1326 1183 1372 1209; x_wconf 85' lang='lat' dir='ltr'><strong>ille</strong></span> <span class='ocrx_word' id='word_1_374' title='bbox 1401 1182 1428 1209; x_wconf 93' lang='lat' dir='ltr'><strong>in</strong></span> <span class='ocrx_word' id='word_1_375' title='bbox 1447 1187 1529 1216; x_wconf 84' lang='lat' dir='ltr'><strong>caput</strong></span> <span class='ocrx_word' id='word_1_376' title='bbox 1554 1190 1675 1217; x_wconf 72' lang='lat' dir='ltr'><strong>praeceps</strong></span> 
     </span>
    </p>
   </div>
   <div class='ocr_carea' id='block_1_55' title="bbox 888 1227 1676 1258">
    <p class='ocr_par' dir='ltr' id='par_1_55' title="bbox 888 1227 1676 1258">
     <span class='ocr_line' id='line_1_55' title="bbox 888 1227 1676 1258; baseline -0.005 0"><span class='ocrx_word' id='word_1_377' title='bbox 888 1229 982 1258; x_wconf 79' lang='lat' dir='ltr'><strong>statim</strong></span> <span class='ocrx_word' id='word_1_378' title='bbox 996 1228 1114 1256; x_wconf 70' lang='lat' dir='ltr'><strong>amictus</strong></span> <span class='ocrx_word' id='word_1_379' title='bbox 1129 1229 1157 1255; x_wconf 89' lang='lat' dir='ltr'><strong>in</strong></span> <span class='ocrx_word' id='word_1_380' title='bbox 1175 1233 1274 1256; x_wconf 86' lang='lat' dir='ltr'><strong>terram</strong></span> <span class='ocrx_word' id='word_1_381' title='bbox 1293 1233 1346 1256; x_wconf 88' lang='lat' dir='ltr'><strong>est.</strong></span> <span class='ocrx_word' id='word_1_382' title='bbox 1362 1228 1396 1255; x_wconf 80' lang='lat' dir='ltr'><strong>At</strong></span> <span class='ocrx_word' id='word_1_383' title='bbox 1412 1227 1584 1255; x_wconf 86' lang='lat' dir='ltr'><strong>Baimundus</strong></span> <span class='ocrx_word' id='word_1_384' title='bbox 1601 1228 1676 1255; x_wconf 80' lang='lat' dir='ltr'><strong>iuse-</strong></span> 
     </span>
    </p>
   </div>
   <div class='ocr_carea' id='block_1_56' title="bbox 889 1272 1675 1308">
    <p class='ocr_par' dir='ltr' id='par_1_56' title="bbox 889 1272 1675 1308">
     <span class='ocr_line' id='line_1_56' title="bbox 889 1272 1675 1308; baseline -0.003 -7"><span class='ocrx_word' id='word_1_385' title='bbox 889 1278 969 1301; x_wconf 88' lang='lat' dir='ltr'><strong>cutus</strong></span> <span class='ocrx_word' id='word_1_386' title='bbox 992 1272 1131 1300; x_wconf 82' lang='lat' dir='ltr'><strong>Romanos</strong></span> <span class='ocrx_word' id='word_1_387' title='bbox 1150 1277 1192 1301; x_wconf 90' lang='lat' dir='ltr'><strong>est</strong></span> <span class='ocrx_word' id='word_1_388' title='bbox 1212 1281 1299 1308; x_wconf 83' lang='lat' dir='ltr'><strong>usque</strong></span> <span class='ocrx_word' id='word_1_389' title='bbox 1323 1273 1357 1300; x_wconf 86' lang='lat' dir='ltr'><strong>ad</strong></span> <span class='ocrx_word' id='word_1_390' title='bbox 1389 1273 1490 1300; x_wconf 64' lang='lat' dir='ltr'><strong>linum]</strong></span> <span class='ocrx_word' id='word_1_391' title='bbox 1509 1273 1675 1300; x_wconf 78' lang='lat' dir='ltr'><strong>Salabriam.</strong></span> 
     </span>
    </p>
   </div>
   <div class='ocr_carea' id='block_1_57' title="bbox 889 1318 1675 1354">
    <p class='ocr_par' dir='ltr' id='par_1_57' title="bbox 889 1318 1675 1354">
     <span class='ocr_line' id='line_1_57' title="bbox 889 1318 1675 1354; baseline -0.001 -8"><span class='ocrx_word' id='word_1_392' title='bbox 889 1319 1026 1346; x_wconf 73' lang='lat' dir='ltr'><strong>therum</strong></span> <span class='ocrx_word' id='word_1_393' title='bbox 1041 1319 1122 1350; x_wconf 84' lang='lat' dir='ltr'><strong>idem,</strong></span> <span class='ocrx_word' id='word_1_394' title='bbox 1139 1319 1219 1354; x_wconf 87' lang='lat' dir='ltr'><strong>cujus</strong></span> <span class='ocrx_word' id='word_1_395' title='bbox 1241 1319 1428 1351; x_wconf 85' lang='lat' dir='ltr'><strong>meminimus,</strong></span> <span class='ocrx_word' id='word_1_396' title='bbox 1448 1318 1520 1346; x_wconf 84' lang='lat' dir='ltr'><strong>lJzas</strong></span> <span class='ocrx_word' id='word_1_397' title='bbox 1538 1319 1609 1346; x_wconf 87' lang='lat' dir='ltr'><strong>inter</strong></span> <span class='ocrx_word' id='word_1_398' title='bbox 1635 1318 1675 1345; x_wconf 86' lang='lat' dir='ltr'><strong>fu-</strong></span> 
     </span>
    </p>
   </div>
   <div class='ocr_carea' id='block_1_58' title="bbox 889 1365 1675 1401">
    <p class='ocr_par' dir='ltr' id='par_1_58' title="bbox 889 1365 1675 1401">
     <span class='ocr_line' id='line_1_58' title="bbox 889 1365 1675 1401; baseline -0.001 -9"><span class='ocrx_word' id='word_1_399' title='bbox 889 1366 1017 1401; x_wconf 75' lang='lat' dir='ltr'><strong>giendum</strong></span> <span class='ocrx_word' id='word_1_400' title='bbox 1049 1365 1209 1398; x_wconf 66' lang='lat' dir='ltr'><strong>signiferum</strong></span> <span class='ocrx_word' id='word_1_401' title='bbox 1240 1365 1385 1392; x_wconf 79' lang='lat' dir='ltr'><strong>Baimundi</strong></span> <span class='ocrx_word' id='word_1_402' title='bbox 1419 1365 1498 1392; x_wconf 80' lang='lat' dir='ltr'><strong>hasta</strong></span> <span class='ocrx_word' id='word_1_403' title='bbox 1529 1365 1675 1399; x_wconf 79' lang='lat' dir='ltr'><strong>percussit,</strong></span> 
     </span>
    </p>
   </div>
   <div class='ocr_carea' id='block_1_59' title="bbox 889 1410 1675 1447">
    <p class='ocr_par' dir='ltr' id='par_1_59' title="bbox 889 1410 1675 1447">
     <span class='ocr_line' id='line_1_59' title="bbox 889 1410 1675 1447; baseline -0.003 -9"><span class='ocrx_word' id='word_1_404' title='bbox 889 1412 1052 1447; x_wconf 79' lang='lat' dir='ltr'><strong>signumque</strong></span> <span class='ocrx_word' id='word_1_405' title='bbox 1082 1411 1132 1446; x_wconf 88' lang='lat' dir='ltr'><strong>ipsi</strong></span> <span class='ocrx_word' id='word_1_406' title='bbox 1169 1411 1202 1438; x_wconf 92' lang='lat' dir='ltr'><strong>dc</strong></span> <span class='ocrx_word' id='word_1_407' title='bbox 1235 1411 1364 1438; x_wconf 86' lang='lat' dir='ltr'><strong>manibus</strong></span> <span class='ocrx_word' id='word_1_408' title='bbox 1397 1413 1535 1440; x_wconf 59' lang='lat' dir='ltr'><strong>extortum</strong></span> <span class='ocrx_word' id='word_1_409' title='bbox 1555 1410 1675 1437; x_wconf 88' lang='lat' dir='ltr'><strong>circum-</strong></span> 
     </span>
    </p>
   </div>
   <div class='ocr_carea' id='block_1_60' title="bbox 890 1455 1677 1492">
    <p class='ocr_par' dir='ltr' id='par_1_60' title="bbox 890 1455 1677 1492">
     <span class='ocr_line' id='line_1_60' title="bbox 890 1455 1677 1492; baseline -0.005 -6"><span class='ocrx_word' id='word_1_410' title='bbox 890 1460 967 1486; x_wconf 75' lang='lat' dir='ltr'><strong>duxit</strong></span> <span class='ocrx_word' id='word_1_411' title='bbox 984 1458 1178 1492; x_wconf 82' lang='lat' dir='ltr'><strong>inclinavitque</strong></span> <span class='ocrx_word' id='word_1_412' title='bbox 1196 1461 1297 1484; x_wconf 87' lang='lat' dir='ltr'><strong>terram</strong></span> <span class='ocrx_word' id='word_1_413' title='bbox 1317 1464 1425 1484; x_wconf 88' lang='lat' dir='ltr'><strong>versus.</strong></span> <span class='ocrx_word' id='word_1_414' title='bbox 1441 1455 1575 1484; x_wconf 78' lang='lat' dir='ltr'><strong>Turbam</strong></span> <span class='ocrx_word' id='word_1_415' title='bbox 1588 1463 1618 1483; x_wconf 83' lang='lat' dir='ltr'><strong>ea</strong></span> <span class='ocrx_word' id='word_1_416' title='bbox 1633 1463 1677 1482; x_wconf 83' lang='lat' dir='ltr'><strong>res</strong></span> 
     </span>
    </p>
   </div>
   <div class='ocr_carea' id='block_1_61' title="bbox 889 1501 1677 1538">
    <p class='ocr_par' dir='ltr' id='par_1_61' title="bbox 889 1501 1677 1538">
     <span class='ocr_line' id='line_1_61' title="bbox 889 1501 1677 1538; baseline -0.004 -7"><span class='ocrx_word' id='word_1_417' title='bbox 889 1503 1012 1535; x_wconf 78' lang='lat' dir='ltr'><strong>Latinos,</strong></span> <span class='ocrx_word' id='word_1_418' title='bbox 1030 1505 1129 1538; x_wconf 86' lang='lat' dir='ltr'><strong>quibus</strong></span> <span class='ocrx_word' id='word_1_419' title='bbox 1142 1503 1271 1530; x_wconf 83' lang='lat' dir='ltr'><strong>vexillum</strong></span> <span class='ocrx_word' id='word_1_420' title='bbox 1290 1503 1429 1537; x_wconf 84' lang='lat' dir='ltr'><strong>peculiare</strong></span> <span class='ocrx_word' id='word_1_421' title='bbox 1446 1502 1546 1529; x_wconf 89' lang='lat' dir='ltr'><strong>summi</strong></span> <span class='ocrx_word' id='word_1_422' title='bbox 1563 1501 1643 1529; x_wconf 72' lang='lat' dir='ltr'><strong>ducis</strong></span> <span class='ocrx_word' id='word_1_423' title='bbox 1661 1509 1677 1528; x_wconf 90' lang='lat' dir='ltr'><strong>e</strong></span> 
     </span>
    </p>
   </div>
   <div class='ocr_carea' id='block_1_62' title="bbox 59 1548 796 1587">
    <p class='ocr_par' dir='ltr' id='par_1_62' title="bbox 59 1551 794 1587">
     <span class='ocr_line' id='line_1_62' title="bbox 59 1551 794 1587; baseline 0.001 -11"><span class='ocrx_word' id='word_1_424' title='bbox 59 1551 153 1586; x_wconf 70' lang='grc' dir='ltr'>ἔχοντος</span> <span class='ocrx_word' id='word_1_425' title='bbox 169 1551 318 1579; x_wconf 79' lang='grc' dir='ltr'>ἀποδοῦναι</span> <span class='ocrx_word' id='word_1_426' title='bbox 346 1552 549 1587; x_wconf 79' lang='grc' dir='ltr'>παραπείσουσι</span> <span class='ocrx_word' id='word_1_427' title='bbox 573 1551 668 1578; x_wconf 73' lang='grc' dir='ltr'>τοῦτον</span> <span class='ocrx_word' id='word_1_428' title='bbox 695 1551 794 1577; x_wconf 82' lang='grc' dir='ltr'>κατελο</span> 
     </span>
    </p>
   </div>
   <div class='ocr_carea' id='block_1_63' title="bbox 939 1548 1676 1587">
    <p class='ocr_par' dir='ltr' id='par_1_63' title="bbox 939 1548 1676 1584">
     <span class='ocr_line' id='line_1_63' title="bbox 939 1548 1676 1584; baseline -0.004 -7"><span class='ocrx_word' id='word_1_429' title='bbox 939 1555 966 1577; x_wconf 88' lang='grc' dir='ltr'><strong>ιο</strong></span> <span class='ocrx_word' id='word_1_430' title='bbox 983 1550 1145 1577; x_wconf 85' lang='lat' dir='ltr'><strong>inclinatqu</strong></span> <span class='ocrx_word' id='word_1_431' title='bbox 1160 1549 1304 1576; x_wconf 84' lang='lat' dir='ltr'><strong>infortunii</strong></span> <span class='ocrx_word' id='word_1_432' title='bbox 1325 1549 1376 1584; x_wconf 88' lang='lat' dir='ltr'><strong>ipsi</strong></span> <span class='ocrx_word' id='word_1_433' title='bbox 1394 1548 1479 1576; x_wconf 88' lang='lat' dir='ltr'><strong>oblati</strong></span> <span class='ocrx_word' id='word_1_434' title='bbox 1491 1549 1598 1583; x_wconf 76' lang='lat' dir='ltr'><strong>signum</strong></span> <span class='ocrx_word' id='word_1_435' title='bbox 1614 1555 1676 1575; x_wconf 84' lang='lat' dir='ltr'><strong>esse</strong></span> 
     </span>
    </p>
   </div>
   <div class='ocr_carea' id='block_1_64' title="bbox 59 1597 835 1633">
    <p class='ocr_par' dir='ltr' id='par_1_64' title="bbox 59 1597 835 1633">
     <span class='ocr_line' id='line_1_64' title="bbox 59 1597 835 1633; baseline 0.003 -11"><span class='ocrx_word' id='word_1_436' title='bbox 59 1598 92 1628; x_wconf 81' lang='grc' dir='ltr'>εις</span> <span class='ocrx_word' id='word_1_437' title='bbox 105 1597 150 1633; x_wconf 74' lang='grc' dir='ltr'>τὴν</span> <span class='ocrx_word' id='word_1_438' title='bbox 170 1598 321 1630; x_wconf 82' lang='grc' dir='ltr'>θαλασσαν,</span> <span class='ocrx_word' id='word_1_439' title='bbox 343 1599 391 1625; x_wconf 64' lang='grc' dir='ltr'>καὶ</span> <span class='ocrx_word' id='word_1_440' title='bbox 407 1597 579 1633; x_wconf 78' lang='grc' dir='ltr'>ἀναζητῆσαι</span> <span class='ocrx_word' id='word_1_441' title='bbox 601 1598 689 1625; x_wconf 81' lang='grc' dir='ltr'>ταῦτα</span> <span class='ocrx_word' id='word_1_442' title='bbox 711 1598 767 1624; x_wconf 80' lang='grc' dir='ltr'><strong>ἀπὸ</strong></span> <span class='ocrx_word' id='word_1_443' title='bbox 788 1597 835 1624; x_wconf 81' lang='grc' dir='ltr'>τοῦ</span> 
     </span>
    </p>
   </div>
   <div class='ocr_carea' id='block_1_65' title="bbox 60 1644 833 1680">
    <p class='ocr_par' dir='ltr' id='par_1_65' title="bbox 60 1644 833 1680">
     <span class='ocr_line' id='line_1_65' title="bbox 60 1644 833 1680; baseline 0.001 -10"><span class='ocrx_word' id='word_1_444' title='bbox 60 1644 116 1670; x_wconf 76' lang='grc' dir='ltr'>ἰδίου</span> <span class='ocrx_word' id='word_1_445' title='bbox 133 1645 236 1680; x_wconf 73' lang='grc' dir='ltr'>πατρδς</span> <span class='ocrx_word' id='word_1_446' title='bbox 260 1644 431 1680; x_wconf 82' lang='grc' dir='ltr'>Ῥομπέρτου</span> <span class='ocrx_word' id='word_1_447' title='bbox 450 1645 497 1671; x_wconf 79' lang='grc' dir='ltr'>καὶ</span> <span class='ocrx_word' id='word_1_448' title='bbox 517 1644 600 1672; x_wconf 76' lang='grc' dir='ltr'>αὑτὸν</span> <span class='ocrx_word' id='word_1_449' title='bbox 612 1645 718 1672; x_wconf 72' lang='grc' dir='ltr'>ἐκεῖνον</span> <span class='ocrx_word' id='word_1_450' title='bbox 735 1645 833 1671; x_wconf 83' lang='grc' dir='ltr'>διαπε-</span> 
     </span>
    </p>
   </div>
   <div class='ocr_carea' id='block_1_66' title="bbox 60 1690 837 1726">
    <p class='ocr_par' dir='ltr' id='par_1_66' title="bbox 60 1690 837 1726">
     <span class='ocr_line' id='line_1_66' title="bbox 60 1690 837 1726; baseline 0.003 -10"><span class='ocrx_word' id='word_1_451' title='bbox 60 1691 130 1724; x_wconf 75' lang='grc' dir='ltr'>ρᾶσαι</span> <span class='ocrx_word' id='word_1_452' title='bbox 151 1691 213 1723; x_wconf 76' lang='grc' dir='ltr'>τοὺς</span> <span class='ocrx_word' id='word_1_453' title='bbox 234 1690 327 1717; x_wconf 77' lang='grc' dir='ltr'>αὺτιίν</span> <span class='ocrx_word' id='word_1_454' title='bbox 346 1691 462 1725; x_wconf 80' lang='grc' dir='ltr'>μισθοὺς</span> <span class='ocrx_word' id='word_1_455' title='bbox 484 1690 709 1726; x_wconf 78' lang='grc' dir='ltr'>ἐξαιτησόμενον.</span> <span class='ocrx_word' id='word_1_456' title='bbox 737 1691 792 1718; x_wconf 67' lang='grc' dir='ltr'><strong>Καὶ</strong></span> <span class='ocrx_word' id='word_1_457' title='bbox 812 1692 837 1718; x_wconf 78' lang='grc' dir='ltr'>ει</span> 
     </span>
    </p>
   </div>
   <div class='ocr_carea' id='block_1_67' title="bbox 59 1735 838 1772">
    <p class='ocr_par' dir='ltr' id='par_1_67' title="bbox 59 1735 838 1772">
     <span class='ocr_line' id='line_1_67' title="bbox 59 1735 838 1772; baseline 0.003 -11"><span class='ocrx_word' id='word_1_458' title='bbox 59 1735 129 1762; x_wconf 78' lang='grc' dir='ltr'>τοῦτο</span> <span class='ocrx_word' id='word_1_459' title='bbox 152 1736 295 1768; x_wconf 85' lang='grc' dir='ltr'>ἁνύσαιεν,</span> <span class='ocrx_word' id='word_1_460' title='bbox 312 1737 418 1768; x_wconf 78' lang='grc' dir='ltr'>πάντας</span> <span class='ocrx_word' id='word_1_461' title='bbox 440 1739 524 1772; x_wconf 76' lang='grc' dir='ltr'>τιμῆς</span> <span class='ocrx_word' id='word_1_462' title='bbox 538 1738 586 1764; x_wconf 78' lang='grc' dir='ltr'>καὶ</span> <span class='ocrx_word' id='word_1_463' title='bbox 603 1737 770 1772; x_wconf 79' lang='grc' dir='ltr'>εὐεργεσιῶν</span> <span class='ocrx_word' id='word_1_464' title='bbox 787 1745 838 1772; x_wconf 84' lang='grc' dir='ltr'>μυ·</span> 
     </span>
    </p>
   </div>
   <div class='ocr_carea' id='block_1_68' title="bbox 61 1781 837 1818">
    <p class='ocr_par' dir='ltr' id='par_1_68' title="bbox 61 1781 837 1818">
     <span class='ocr_line' id='line_1_68' title="bbox 61 1781 837 1818; baseline 0.004 -12"><span class='ocrx_word' id='word_1_465' title='bbox 61 1781 116 1814; x_wconf 80' lang='grc' dir='ltr'>ρίων</span> <span class='ocrx_word' id='word_1_466' title='bbox 129 1782 332 1809; x_wconf 82' lang='grc' dir='ltr'>ἐπαπολαῢσαι.</span> <span class='ocrx_word' id='word_1_467' title='bbox 349 1783 404 1808; x_wconf 75' lang='grc' dir='ltr'><strong>Καὶ</strong></span> <span class='ocrx_word' id='word_1_468' title='bbox 419 1782 477 1809; x_wconf 81' lang='grc' dir='ltr'>ὅσοι</span> <span class='ocrx_word' id='word_1_469' title='bbox 495 1783 544 1818; x_wconf 81' lang='grc' dir='ltr'>μὲν</span> <span class='ocrx_word' id='word_1_470' title='bbox 561 1783 663 1809; x_wconf 84' lang='grc' dir='ltr'>τούτων</span> <span class='ocrx_word' id='word_1_471' title='bbox 681 1783 729 1809; x_wconf 71' lang='grc' dir='ltr'><strong>ἐπὶ</strong></span> <span class='ocrx_word' id='word_1_472' title='bbox 747 1782 837 1818; x_wconf 79' lang='grc' dir='ltr'>μισθῷ</span> 
     </span>
    </p>
   </div>
   <div class='ocr_carea' id='block_1_69' title="bbox 59 1825 836 1863">
    <p class='ocr_par' dir='ltr' id='par_1_69' title="bbox 59 1825 836 1863">
     <span class='ocr_line' id='line_1_69' title="bbox 59 1825 836 1863; baseline 0.004 -11"><span class='ocrx_word' id='word_1_473' title='bbox 59 1825 189 1854; x_wconf 77' lang='grc' dir='ltr'>δουλεῦσαι</span> <span class='ocrx_word' id='word_1_474' title='bbox 226 1827 386 1862; x_wconf 79' lang='grc' dir='ltr'>θελήσουσι,</span> <span class='ocrx_word' id='word_1_475' title='bbox 421 1828 684 1863; x_wconf 75' lang='grc' dir='ltr'>προσλαμϐάνεσθαι</span> <span class='ocrx_word' id='word_1_476' title='bbox 713 1828 836 1862; x_wconf 76' lang='grc' dir='ltr'>τούτους,</span> 
     </span>
    </p>
   </div>
   <div class='ocr_carea' id='block_1_70' title="bbox 59 1874 838 1910">
    <p class='ocr_par' dir='ltr' id='par_1_70' title="bbox 59 1874 838 1910">
     <span class='ocr_line' id='line_1_70' title="bbox 59 1874 838 1910; baseline 0.003 -12"><span class='ocrx_word' id='word_1_477' title='bbox 59 1874 100 1899; x_wconf 75' lang='grc' dir='ltr'>καὶ</span> <span class='ocrx_word' id='word_1_478' title='bbox 121 1874 287 1910; x_wconf 74' lang='grc' dir='ltr'>ἀποχρῶντα</span> <span class='ocrx_word' id='word_1_479' title='bbox 314 1875 358 1901; x_wconf 79' lang='grc' dir='ltr'>τὸν</span> <span class='ocrx_word' id='word_1_480' title='bbox 387 1875 482 1909; x_wconf 72' lang='grc' dir='ltr'>μισθδν</span> <span class='ocrx_word' id='word_1_481' title='bbox 510 1875 670 1906; x_wconf 75' lang='grc' dir='ltr'>ἀποδοῦναι,</span> <span class='ocrx_word' id='word_1_482' title='bbox 700 1874 772 1902; x_wconf 77' lang='grc' dir='ltr'>κατὰ</span> <span class='ocrx_word' id='word_1_483' title='bbox 802 1874 838 1901; x_wconf 84' lang='grc' dir='ltr'><strong>τὰ</strong></span> 
     </span>
    </p>
   </div>
   <div class='ocr_carea' id='block_1_71' title="bbox 60 1919 838 1956">
    <p class='ocr_par' dir='ltr' id='par_1_71' title="bbox 60 1919 838 1956">
     <span class='ocr_line' id='line_1_71' title="bbox 60 1919 838 1956; baseline 0.003 -10"><span class='ocrx_word' id='word_1_484' title='bbox 60 1919 188 1956; x_wconf 78' lang='grc' dir='ltr'>Θελήματα</span> <span class='ocrx_word' id='word_1_485' title='bbox 210 1921 316 1955; x_wconf 83' lang='grc' dir='ltr'>αὐτῶν,</span> <span class='ocrx_word' id='word_1_486' title='bbox 333 1923 395 1954; x_wconf 70' lang='grc' dir='ltr'>τοὺς</span> <span class='ocrx_word' id='word_1_487' title='bbox 410 1922 432 1948; x_wconf 87' lang='grc' dir='ltr'>δ’</span> <span class='ocrx_word' id='word_1_488' title='bbox 453 1921 488 1948; x_wconf 84' lang='grc' dir='ltr'>αὖ</span> <span class='ocrx_word' id='word_1_489' title='bbox 508 1923 548 1953; x_wconf 70' lang='grc' dir='ltr'>εἰς</span> <span class='ocrx_word' id='word_1_490' title='bbox 565 1922 614 1953; x_wconf 70' lang='grc' dir='ltr'><strong>τὰς</strong></span> <span class='ocrx_word' id='word_1_491' title='bbox 637 1922 726 1952; x_wconf 76' lang='grc' dir='ltr'>οἰκίας</span> <span class='ocrx_word' id='word_1_492' title='bbox 747 1921 838 1948; x_wconf 82' lang='grc' dir='ltr'>αὐτῶν</span> 
     </span>
    </p>
   </div>
   <div class='ocr_carea' id='block_1_72' title="bbox 61 1966 838 2002">
    <p class='ocr_par' dir='ltr' id='par_1_72' title="bbox 61 1966 838 2002">
     <span class='ocr_line' id='line_1_72' title="bbox 61 1966 838 2002; baseline 0.001 -10"><span class='ocrx_word' id='word_1_493' title='bbox 61 1966 230 2002; x_wconf 77' lang='grc' dir='ltr'>βουλομένους</span> <span class='ocrx_word' id='word_1_494' title='bbox 259 1968 388 1995; x_wconf 80' lang='grc' dir='ltr'>ἀπελθεῖν</span> <span class='ocrx_word' id='word_1_495' title='bbox 409 1967 558 1998; x_wconf 78' lang='grc' dir='ltr'>ἀκινδύνως</span> <span class='ocrx_word' id='word_1_496' title='bbox 574 1968 595 1984; x_wconf 87' lang='lat'><strong>&quot;</strong></span> <span class='ocrx_word' id='word_1_497' title='bbox 615 1967 775 1994; x_wconf 75' lang='grc' dir='ltr'>διαϐιϐάσαι</span> <span class='ocrx_word' id='word_1_498' title='bbox 793 1967 838 1994; x_wconf 77' lang='grc' dir='ltr'>διὰ</span> 
     </span>
    </p>
   </div>
   <div class='ocr_carea' id='block_1_73' title="bbox 58 2012 839 2049">
    <p class='ocr_par' dir='ltr' id='par_1_73' title="bbox 58 2012 839 2049">
     <span class='ocr_line' id='line_1_73' title="bbox 58 2012 839 2049; baseline 0.001 -11"><span class='ocrx_word' id='word_1_499' title='bbox 58 2014 101 2047; x_wconf 80' lang='grc' dir='ltr'><strong>τῆς</strong></span> <span class='ocrx_word' id='word_1_500' title='bbox 126 2014 277 2049; x_wconf 81' lang='grc' dir='ltr'>Οὐγγρίας.</span> <span class='ocrx_word' id='word_1_501' title='bbox 303 2014 480 2047; x_wconf 78' lang='grc' dir='ltr'>’Υπείξαντες</span> <span class='ocrx_word' id='word_1_502' title='bbox 502 2012 550 2040; x_wconf 78' lang='grc' dir='ltr'>οὖν</span> <span class='ocrx_word' id='word_1_503' title='bbox 567 2014 605 2048; x_wconf 81' lang='grc' dir='ltr'>τῷ</span> <span class='ocrx_word' id='word_1_504' title='bbox 634 2014 681 2040; x_wconf 82' lang='grc' dir='ltr'>τοῦ</span> <span class='ocrx_word' id='word_1_505' title='bbox 705 2014 839 2048; x_wconf 79' lang='grc' dir='ltr'>βασιλέως</span> 
     </span>
    </p>
   </div>
   <div class='ocr_carea' id='block_1_74' title="bbox 59 2060 838 2096">
    <p class='ocr_par' dir='ltr' id='par_1_74' title="bbox 59 2060 838 2096">
     <span class='ocr_line' id='line_1_74' title="bbox 59 2060 838 2096; baseline 0.004 -12"><span class='ocrx_word' id='word_1_506' title='bbox 59 2061 243 2095; x_wconf 83' lang='grc' dir='ltr'>προστάγματι</span> <span class='ocrx_word' id='word_1_507' title='bbox 257 2062 281 2088; x_wconf 86' lang='grc' dir='ltr'><strong>οί</strong></span> <span class='ocrx_word' id='word_1_508' title='bbox 299 2061 429 2096; x_wconf 84' lang='grc' dir='ltr'>κόμητες,</span> <span class='ocrx_word' id='word_1_509' title='bbox 447 2061 510 2092; x_wconf 78' lang='grc' dir='ltr'>τοὺς</span> <span class='ocrx_word' id='word_1_510' title='bbox 528 2061 581 2087; x_wconf 86' lang='grc' dir='ltr'>τῶν</span> <span class='ocrx_word' id='word_1_511' title='bbox 599 2060 838 2095; x_wconf 84' lang='grc' dir='ltr'>παραδραμόντων</span> 
     </span>
    </p>
   </div>
   <div class='ocr_carea' id='block_1_75' title="bbox 58 2106 837 2142">
    <p class='ocr_par' dir='ltr' id='par_1_75' title="bbox 58 2106 837 2142">
     <span class='ocr_line' id='line_1_75' title="bbox 58 2106 837 2142; baseline 0.003 -11"><span class='ocrx_word' id='word_1_512' title='bbox 58 2106 187 2142; x_wconf 83' lang='grc' dir='ltr'>τεσσάρων</span> <span class='ocrx_word' id='word_1_513' title='bbox 211 2108 347 2134; x_wconf 77' lang='grc' dir='ltr'>ἐνιαυτῶν</span> <span class='ocrx_word' id='word_1_514' title='bbox 373 2108 488 2142; x_wconf 77' lang='grc' dir='ltr'>μισθοὺς</span> <span class='ocrx_word' id='word_1_515' title='bbox 508 2107 679 2141; x_wconf 82' lang='grc' dir='ltr'>ἀσυμπαυῶς</span> <span class='ocrx_word' id='word_1_516' title='bbox 704 2106 837 2142; x_wconf 85' lang='grc' dir='ltr'>ἀπῄτουν.</span> 
     </span>
    </p>
   </div>
   <div class='ocr_carea' id='block_1_76' title="bbox 63 2150 838 2188">
    <p class='ocr_par' dir='ltr' id='par_1_76' title="bbox 63 2150 838 2188">
     <span class='ocr_line' id='line_1_76' title="bbox 63 2150 838 2188; baseline -0.003 -8"><span class='ocrx_word' id='word_1_517' title='bbox 63 2150 88 2177; x_wconf 85' lang='grc'><strong>’0</strong></span> <span class='ocrx_word' id='word_1_518' title='bbox 98 2152 125 2180; x_wconf 74' lang='grc' dir='ltr'>δὲ</span> <span class='ocrx_word' id='word_1_519' title='bbox 137 2154 173 2188; x_wconf 82' lang='grc' dir='ltr'>μὴ</span> <span class='ocrx_word' id='word_1_520' title='bbox 189 2154 261 2188; x_wconf 72' lang='grc' dir='ltr'>ἔχων</span> <span class='ocrx_word' id='word_1_521' title='bbox 274 2153 437 2186; x_wconf 83' lang='grc' dir='ltr'>ἀποδοῦναι,</span> <span class='ocrx_word' id='word_1_522' title='bbox 458 2153 621 2180; x_wconf 74' lang='grc' dir='ltr'>ἀνεϐάλλετο</span> <span class='ocrx_word' id='word_1_523' title='bbox 644 2153 726 2184; x_wconf 74' lang='grc' dir='ltr'>τέως.</span> <span class='ocrx_word' id='word_1_524' title='bbox 748 2153 792 2183; x_wconf 81' lang='grc' dir='ltr'><strong>Ὠς</strong></span> <span class='ocrx_word' id='word_1_525' title='bbox 809 2152 838 2178; x_wconf 79' lang='grc' dir='ltr'>δὲ</span> 
     </span>
    </p>
   </div>
   <div class='ocr_carea' id='block_1_77' title="bbox 59 2197 838 2234">
    <p class='ocr_par' dir='ltr' id='par_1_77' title="bbox 59 2197 838 2234">
     <span class='ocr_line' id='line_1_77' title="bbox 59 2197 838 2234; baseline 0.003 -11"><span class='ocrx_word' id='word_1_526' title='bbox 59 2197 185 2226; x_wconf 78' lang='grc' dir='ltr'>ἐνέκειντο</span> <span class='ocrx_word' id='word_1_527' title='bbox 201 2199 303 2234; x_wconf 78' lang='grc' dir='ltr'>εὔλογα</span> <span class='ocrx_word' id='word_1_528' title='bbox 321 2200 473 2231; x_wconf 76' lang='grc' dir='ltr'>αἰτοῦντες,</span> <span class='ocrx_word' id='word_1_529' title='bbox 493 2200 530 2234; x_wconf 83' lang='grc' dir='ltr'>μὴ</span> <span class='ocrx_word' id='word_1_530' title='bbox 552 2200 622 2234; x_wconf 75' lang='grc' dir='ltr'>ἔχων</span> <span class='ocrx_word' id='word_1_531' title='bbox 638 2199 651 2226; x_wconf 86' lang='grc' dir='ltr'><strong>ὃ</strong></span> <span class='ocrx_word' id='word_1_532' title='bbox 667 2207 693 2225; x_wconf 84' lang='grc' dir='ltr'><strong>τι</strong></span> <span class='ocrx_word' id='word_1_533' title='bbox 710 2199 758 2225; x_wconf 78' lang='grc' dir='ltr'>καὶ</span> <span class='ocrx_word' id='word_1_534' title='bbox 773 2199 838 2234; x_wconf 87' lang='grc' dir='ltr'>δρά-</span> 
     </span>
    </p>
   </div>
   <div class='ocr_carea' id='block_1_78' title="bbox 61 2245 838 2282">
    <p class='ocr_par' dir='ltr' id='par_1_78' title="bbox 61 2245 838 2282">
     <span class='ocr_line' id='line_1_78' title="bbox 61 2245 838 2282; baseline 0.004 -14"><span class='ocrx_word' id='word_1_535' title='bbox 61 2251 120 2277; x_wconf 84' lang='grc' dir='ltr'>σειε,</span> <span class='ocrx_word' id='word_1_536' title='bbox 137 2246 182 2272; x_wconf 68' lang='grc' dir='ltr'><strong>τὸν</strong></span> <span class='ocrx_word' id='word_1_537' title='bbox 207 2247 260 2281; x_wconf 81' lang='grc' dir='ltr'>μὲν</span> <span class='ocrx_word' id='word_1_538' title='bbox 275 2246 420 2282; x_wconf 87' lang='grc' dir='ltr'>Βρυέννιον</span> <span class='ocrx_word' id='word_1_539' title='bbox 444 2245 530 2272; x_wconf 81' lang='grc' dir='ltr'>αὐτοῦ</span> <span class='ocrx_word' id='word_1_540' title='bbox 548 2254 598 2272; x_wconf 83' lang='grc' dir='ltr'><strong>που</strong></span> <span class='ocrx_word' id='word_1_541' title='bbox 623 2245 773 2280; x_wconf 84' lang='grc' dir='ltr'>φυλάσσειν</span> <span class='ocrx_word' id='word_1_542' title='bbox 787 2245 838 2279; x_wconf 76' lang='grc' dir='ltr'>τὴν</span> 
     </span>
    </p>
   </div>
   <div class='ocr_carea' id='block_1_79' title="bbox 59 2290 838 2326">
    <p class='ocr_par' dir='ltr' id='par_1_79' title="bbox 59 2290 838 2326">
     <span class='ocr_line' id='line_1_79' title="bbox 59 2290 838 2326; baseline 0 -9"><span class='ocrx_word' id='word_1_543' title='bbox 59 2290 205 2326; x_wconf 85' lang='grc' dir='ltr'>Καστορίαν</span> <span class='ocrx_word' id='word_1_544' title='bbox 218 2292 360 2325; x_wconf 83' lang='grc' dir='ltr'>κατέλιπε,</span> <span class='ocrx_word' id='word_1_545' title='bbox 384 2293 431 2319; x_wconf 78' lang='grc' dir='ltr'>καὶ</span> <span class='ocrx_word' id='word_1_546' title='bbox 440 2293 491 2319; x_wconf 61' lang='grc' dir='ltr'>τὸν</span> <span class='ocrx_word' id='word_1_547' title='bbox 506 2292 569 2324; x_wconf 80' lang='grc' dir='ltr'>τοὺς</span> <span class='ocrx_word' id='word_1_548' title='bbox 585 2291 720 2323; x_wconf 76' lang='grc' dir='ltr'>[Ιολόόους</span> <span class='ocrx_word' id='word_1_549' title='bbox 735 2291 838 2325; x_wconf 84' lang='grc' dir='ltr'>φυλάσ-</span> 
     </span>
    </p>
   </div>
   <div class='ocr_carea' id='block_1_80' title="bbox 59 2336 838 2373">
    <p class='ocr_par' dir='ltr' id='par_1_80' title="bbox 59 2336 838 2373">
     <span class='ocr_line' id='line_1_80' title="bbox 59 2336 838 2373; baseline 0.003 -13"><span class='ocrx_word' id='word_1_550' title='bbox 59 2343 132 2364; x_wconf 83' lang='grc' dir='ltr'>σοντα</span> <span class='ocrx_word' id='word_1_551' title='bbox 149 2339 255 2373; x_wconf 78' lang='grc' dir='ltr'>Πέτρον</span> <span class='ocrx_word' id='word_1_552' title='bbox 269 2338 315 2364; x_wconf 82' lang='grc' dir='ltr'>τοῦ</span> <span class='ocrx_word' id='word_1_553' title='bbox 333 2338 440 2372; x_wconf 86' lang='grc' dir='ltr'>Ἀλιφα·</span> <span class='ocrx_word' id='word_1_554' title='bbox 456 2336 575 2371; x_wconf 73' lang='grc' dir='ltr'>αὑτὺςιδὲ</span> <span class='ocrx_word' id='word_1_555' title='bbox 586 2336 632 2363; x_wconf 81' lang='grc' dir='ltr'>τὸν</span> <span class='ocrx_word' id='word_1_556' title='bbox 646 2336 760 2363; x_wconf 78' lang='grc' dir='ltr'>Αὐλῶνα</span> <span class='ocrx_word' id='word_1_557' title='bbox 771 2344 838 2362; x_wconf 83' lang='grc' dir='ltr'>κατ-</span> 
     </span>
    </p>
   </div>
   <div class='ocr_carea' id='block_1_81' title="bbox 58 2380 840 2419">
    <p class='ocr_par' dir='ltr' id='par_1_81' title="bbox 58 2380 840 2419">
     <span class='ocr_line' id='line_1_81' title="bbox 58 2380 840 2419; baseline 0.003 -12"><span class='ocrx_word' id='word_1_558' title='bbox 58 2380 139 2410; x_wconf 67' lang='grc' dir='ltr'>έλασε.</span> <span class='ocrx_word' id='word_1_559' title='bbox 169 2384 258 2411; x_wconf 83' lang='grc' dir='ltr'>Τοῦτο</span> <span class='ocrx_word' id='word_1_560' title='bbox 276 2384 305 2410; x_wconf 78' lang='grc' dir='ltr'>δὲ</span> <span class='ocrx_word' id='word_1_561' title='bbox 331 2383 500 2419; x_wconf 83' lang='grc' dir='ltr'>μεμαθηκὼς</span> <span class='ocrx_word' id='word_1_562' title='bbox 525 2384 539 2410; x_wconf 85' lang='grc' dir='ltr'>ὁ</span> <span class='ocrx_word' id='word_1_563' title='bbox 562 2383 691 2418; x_wconf 81' lang='grc' dir='ltr'>βασιλεὺς</span> <span class='ocrx_word' id='word_1_564' title='bbox 726 2383 840 2418; x_wconf 77' lang='grc' dir='ltr'>νικητὴς</span> 
     </span>
    </p>
   </div>
   <div class='ocr_carea' id='block_1_82' title="bbox 59 2428 838 2466">
    <p class='ocr_par' dir='ltr' id='par_1_82' title="bbox 59 2428 838 2466">
     <span class='ocr_line' id='line_1_82' title="bbox 59 2428 838 2466; baseline -0.003 -8"><span class='ocrx_word' id='word_1_565' title='bbox 59 2428 93 2459; x_wconf 66' lang='grc' dir='ltr'><strong>εἷς</strong></span> <span class='ocrx_word' id='word_1_566' title='bbox 115 2430 163 2465; x_wconf 80' lang='grc' dir='ltr'>τὴν</span> <span class='ocrx_word' id='word_1_567' title='bbox 190 2430 389 2466; x_wconf 83' lang='grc' dir='ltr'>βασιλεύουσαν</span> <span class='ocrx_word' id='word_1_568' title='bbox 411 2430 466 2457; x_wconf 84' lang='grc' dir='ltr'>τῶν</span> <span class='ocrx_word' id='word_1_569' title='bbox 483 2430 589 2457; x_wconf 84' lang='grc' dir='ltr'>πόλεων</span> <span class='ocrx_word' id='word_1_570' title='bbox 605 2428 838 2463; x_wconf 78' lang='grc' dir='ltr'>ἑπαναζεύγνυσι.</span> 
     </span>
    </p>
   </div>
   <div class='ocr_carea' id='block_1_83' title="bbox 889 1595 1677 1632">
    <p class='ocr_par' dir='ltr' id='par_1_83' title="bbox 889 1595 1677 1632">
     <span class='ocr_line' id='line_1_83' title="bbox 889 1595 1677 1632; baseline -0.004 -7"><span class='ocrx_word' id='word_1_571' title='bbox 889 1598 970 1626; x_wconf 83' lang='lat' dir='ltr'><strong>solet.</strong></span> <span class='ocrx_word' id='word_1_572' title='bbox 990 1598 1025 1625; x_wconf 86' lang='lat' dir='ltr'><strong>De</strong></span> <span class='ocrx_word' id='word_1_573' title='bbox 1039 1598 1150 1632; x_wconf 84' lang='lat' dir='ltr'><strong>regione</strong></span> <span class='ocrx_word' id='word_1_574' title='bbox 1165 1597 1297 1624; x_wconf 77' lang='lat' dir='ltr'><strong>institutae</strong></span> <span class='ocrx_word' id='word_1_575' title='bbox 1309 1596 1358 1622; x_wconf 64' lang='lat' dir='ltr'><strong>vim</strong></span> <span class='ocrx_word' id='word_1_576' title='bbox 1376 1602 1408 1622; x_wconf 85' lang='lat' dir='ltr'><strong>ea</strong></span> <span class='ocrx_word' id='word_1_577' title='bbox 1424 1595 1487 1622; x_wconf 89' lang='lat' dir='ltr'><strong>illos</strong></span> <span class='ocrx_word' id='word_1_578' title='bbox 1506 1595 1677 1629; x_wconf 74' lang='lat' dir='ltr'><strong>perturbatio</strong></span> 
     </span>
    </p>
   </div>
   <div class='ocr_carea' id='block_1_84' title="bbox 889 1641 1677 1677">
    <p class='ocr_par' dir='ltr' id='par_1_84' title="bbox 889 1641 1677 1677">
     <span class='ocr_line' id='line_1_84' title="bbox 889 1641 1677 1677; baseline -0.004 -6"><span class='ocrx_word' id='word_1_579' title='bbox 889 1643 1015 1671; x_wconf 87' lang='lat' dir='ltr'><strong>dimovit.</strong></span> <span class='ocrx_word' id='word_1_580' title='bbox 1031 1643 1149 1670; x_wconf 89' lang='lat' dir='ltr'><strong>Omissis</strong></span> <span class='ocrx_word' id='word_1_581' title='bbox 1162 1650 1226 1677; x_wconf 82' lang='lat' dir='ltr'><strong>ergo</strong></span> <span class='ocrx_word' id='word_1_582' title='bbox 1240 1642 1373 1669; x_wconf 83' lang='lat' dir='ltr'><strong>Romanis</strong></span> <span class='ocrx_word' id='word_1_583' title='bbox 1388 1641 1444 1669; x_wconf 89' lang='lat' dir='ltr'><strong>alio</strong></span> <span class='ocrx_word' id='word_1_584' title='bbox 1460 1642 1558 1668; x_wconf 87' lang='lat' dir='ltr'><strong>itinere</strong></span> <span class='ocrx_word' id='word_1_585' title='bbox 1569 1641 1677 1669; x_wconf 82' lang='lat' dir='ltr'><strong>Trieala</strong></span> 
     </span>
    </p>
   </div>
   <div class='ocr_carea' id='block_1_85' title="bbox 889 1687 1676 1723">
    <p class='ocr_par' dir='ltr' id='par_1_85' title="bbox 889 1687 1676 1723">
     <span class='ocr_line' id='line_1_85' title="bbox 889 1687 1676 1723; baseline -0.005 -5"><span class='ocrx_word' id='word_1_586' title='bbox 889 1690 1067 1722; x_wconf 88' lang='lat' dir='ltr'><strong>contendunt,</strong></span> <span class='ocrx_word' id='word_1_587' title='bbox 1079 1690 1167 1716; x_wconf 83' lang='lat' dir='ltr'><strong>locum</strong></span> <span class='ocrx_word' id='word_1_588' title='bbox 1179 1689 1235 1723; x_wconf 82' lang='lat' dir='ltr'><strong>jaiu</strong></span> <span class='ocrx_word' id='word_1_589' title='bbox 1251 1692 1471 1723; x_wconf 67' lang='lat' dir='ltr'><strong>praeoccupatum</strong></span> <span class='ocrx_word' id='word_1_590' title='bbox 1483 1695 1498 1714; x_wconf 92' lang='lat' dir='ltr'><strong>a</strong></span> <span class='ocrx_word' id='word_1_591' title='bbox 1512 1687 1676 1720; x_wconf 81' lang='lat' dir='ltr'><strong>quibusdam</strong></span> 
     </span>
    </p>
   </div>
   <div class='ocr_carea' id='block_1_86' title="bbox 889 1732 1677 1769">
    <p class='ocr_par' dir='ltr' id='par_1_86' title="bbox 889 1732 1677 1769">
     <span class='ocr_line' id='line_1_86' title="bbox 889 1732 1677 1769; baseline -0.006 -6"><span class='ocrx_word' id='word_1_592' title='bbox 889 1735 1033 1763; x_wconf 83' lang='lat' dir='ltr'><strong>Baimuudi</strong></span> <span class='ocrx_word' id='word_1_593' title='bbox 1067 1735 1201 1762; x_wconf 88' lang='lat' dir='ltr'><strong>militibus</strong></span> <span class='ocrx_word' id='word_1_594' title='bbox 1226 1733 1431 1769; x_wconf 83' lang='lat' dir='ltr'><strong>Lycostominm</strong></span> <span class='ocrx_word' id='word_1_595' title='bbox 1451 1740 1547 1760; x_wconf 84' lang='lat' dir='ltr'><strong>versus</strong></span> <span class='ocrx_word' id='word_1_596' title='bbox 1570 1732 1677 1767; x_wconf 77' lang='lat' dir='ltr'><strong>fugien-</strong></span> 
     </span>
    </p>
   </div>
   <div class='ocr_carea' id='block_1_87' title="bbox 890 1778 1677 1816">
    <p class='ocr_par' dir='ltr' id='par_1_87' title="bbox 890 1778 1677 1816">
     <span class='ocr_line' id='line_1_87' title="bbox 890 1778 1677 1816; baseline -0.006 -6"><span class='ocrx_word' id='word_1_597' title='bbox 890 1783 974 1810; x_wconf 87' lang='lat' dir='ltr'><strong>tibus.</strong></span> <span class='ocrx_word' id='word_1_598' title='bbox 1005 1782 1062 1809; x_wconf 92' lang='lat' dir='ltr'><strong>lllic</strong></span> <span class='ocrx_word' id='word_1_599' title='bbox 1088 1781 1172 1816; x_wconf 79' lang='lat' dir='ltr'><strong>igitur</strong></span> <span class='ocrx_word' id='word_1_600' title='bbox 1198 1780 1286 1807; x_wconf 87' lang='lat' dir='ltr'><strong>obiter</strong></span> <span class='ocrx_word' id='word_1_601' title='bbox 1310 1779 1442 1806; x_wconf 87' lang='lat' dir='ltr'><strong>diversati</strong></span> <span class='ocrx_word' id='word_1_602' title='bbox 1467 1778 1619 1806; x_wconf 86' lang='lat' dir='ltr'><strong>Castoriam</strong></span> <span class='ocrx_word' id='word_1_603' title='bbox 1645 1786 1677 1805; x_wconf 87' lang='lat' dir='ltr'><strong>se</strong></span> 
     </span>
    </p>
   </div>
   <div class='ocr_carea' id='block_1_88' title="bbox 890 1823 1676 1863">
    <p class='ocr_par' dir='ltr' id='par_1_88' title="bbox 890 1823 1676 1863">
     <span class='ocr_line' id='line_1_88' title="bbox 890 1823 1676 1863; baseline -0.009 -7"><span class='ocrx_word' id='word_1_604' title='bbox 890 1829 1037 1863; x_wconf 88' lang='lat' dir='ltr'><strong>recipiunt.</strong></span> <span class='ocrx_word' id='word_1_605' title='bbox 1067 1827 1219 1861; x_wconf 85' lang='lat' dir='ltr'><strong>Imperator</strong></span> <span class='ocrx_word' id='word_1_606' title='bbox 1246 1832 1310 1852; x_wconf 85' lang='lat' dir='ltr'><strong>vero</strong></span> <span class='ocrx_word' id='word_1_607' title='bbox 1338 1832 1400 1851; x_wconf 92' lang='lat' dir='ltr'><strong>cum</strong></span> <span class='ocrx_word' id='word_1_608' title='bbox 1424 1831 1440 1851; x_wconf 89' lang='lat' dir='ltr'><strong>e</strong></span> <span class='ocrx_word' id='word_1_609' title='bbox 1467 1823 1576 1851; x_wconf 82' lang='lat' dir='ltr'><strong>Larissa</strong></span> <span class='ocrx_word' id='word_1_610' title='bbox 1597 1823 1676 1858; x_wconf 64' lang='lat'><strong>143</strong></span> 
     </span>
    </p>
   </div>
   <div class='ocr_carea' id='block_1_89' title="bbox 890 1868 1677 1903">
    <p class='ocr_par' dir='ltr' id='par_1_89' title="bbox 890 1868 1677 1903">
     <span class='ocr_line' id='line_1_89' title="bbox 890 1868 1677 1903; baseline -0.005 -4"><span class='ocrx_word' id='word_1_611' title='bbox 890 1871 1114 1900; x_wconf 83' lang='lat' dir='ltr'><strong>Thessalonicam</strong></span> <span class='ocrx_word' id='word_1_612' title='bbox 1136 1878 1165 1898; x_wconf 88' lang='lat' dir='ltr'><strong>se</strong></span> <span class='ocrx_word' id='word_1_613' title='bbox 1190 1869 1365 1902; x_wconf 85' lang='lat' dir='ltr'><strong>contulisset,</strong></span> <span class='ocrx_word' id='word_1_614' title='bbox 1384 1872 1412 1895; x_wconf 92' lang='lat' dir='ltr'><strong>ut</strong></span> <span class='ocrx_word' id='word_1_615' title='bbox 1429 1873 1489 1895; x_wconf 88' lang='lat' dir='ltr'><strong>erat</strong></span> <span class='ocrx_word' id='word_1_616' title='bbox 1505 1868 1677 1903; x_wconf 60' lang='lat' dir='ltr'><strong>exagitator</strong></span> 
     </span>
    </p>
   </div>
   <div class='ocr_carea' id='block_1_90' title="bbox 890 1915 1678 1955">
    <p class='ocr_par' dir='ltr' id='par_1_90' title="bbox 890 1915 1678 1955">
     <span class='ocr_line' id='line_1_90' title="bbox 890 1915 1678 1955; baseline -0.006 -8"><span class='ocrx_word' id='word_1_617' title='bbox 890 1918 1124 1955; x_wconf 84' lang='lat' dir='ltr'><strong>prudentissimus</strong></span> <span class='ocrx_word' id='word_1_618' title='bbox 1151 1917 1250 1944; x_wconf 83' lang='lat' dir='ltr'><strong>artium</strong></span> <span class='ocrx_word' id='word_1_619' title='bbox 1278 1916 1394 1943; x_wconf 87' lang='lat' dir='ltr'><strong>nocendi</strong></span> <span class='ocrx_word' id='word_1_620' title='bbox 1418 1915 1557 1947; x_wconf 84' lang='lat' dir='ltr'><strong>hostibus,</strong></span> <span class='ocrx_word' id='word_1_621' title='bbox 1585 1915 1678 1942; x_wconf 86' lang='lat' dir='ltr'><strong>missis</strong></span> 
     </span>
    </p>
   </div>
   <div class='ocr_carea' id='block_1_91' title="bbox 890 1961 1677 2002">
    <p class='ocr_par' dir='ltr' id='par_1_91' title="bbox 890 1961 1677 2002">
     <span class='ocr_line' id='line_1_91' title="bbox 890 1961 1677 2002; baseline -0.008 -9"><span class='ocrx_word' id='word_1_622' title='bbox 890 1967 935 2002; x_wconf 90' lang='lat' dir='ltr'><strong>qui</strong></span> <span class='ocrx_word' id='word_1_623' title='bbox 951 1966 1021 1993; x_wconf 88' lang='lat' dir='ltr'><strong>clam</strong></span> <span class='ocrx_word' id='word_1_624' title='bbox 1037 1969 1151 2000; x_wconf 78' lang='lat' dir='ltr'><strong>agerent</strong></span> <span class='ocrx_word' id='word_1_625' title='bbox 1176 1972 1237 1992; x_wconf 91' lang='lat' dir='ltr'><strong>cum</strong></span> <span class='ocrx_word' id='word_1_626' title='bbox 1254 1963 1401 1991; x_wconf 87' lang='lat' dir='ltr'><strong>comitibus</strong></span> <span class='ocrx_word' id='word_1_627' title='bbox 1421 1963 1560 1990; x_wconf 82' lang='lat' dir='ltr'><strong>exercitus</strong></span> <span class='ocrx_word' id='word_1_628' title='bbox 1574 1961 1677 1993; x_wconf 82' lang='lat' dir='ltr'><strong>Latini,</strong></span> 
     </span>
    </p>
   </div>
   <div class='ocr_carea' id='block_1_92' title="bbox 890 2006 1679 2046">
    <p class='ocr_par' dir='ltr' id='par_1_92' title="bbox 890 2006 1679 2046">
     <span class='ocr_line' id='line_1_92' title="bbox 890 2006 1679 2046; baseline -0.009 -6"><span class='ocrx_word' id='word_1_629' title='bbox 890 2012 977 2040; x_wconf 74' lang='lat' dir='ltr'><strong>Suasit</strong></span> <span class='ocrx_word' id='word_1_630' title='bbox 992 2011 1045 2039; x_wconf 91' lang='lat' dir='ltr'><strong>illis</strong></span> <span class='ocrx_word' id='word_1_631' title='bbox 1063 2010 1245 2046; x_wconf 85' lang='lat' dir='ltr'><strong>promissione</strong></span> <span class='ocrx_word' id='word_1_632' title='bbox 1259 2013 1424 2044; x_wconf 84' lang='lat' dir='ltr'><strong>quantorum</strong></span> <span class='ocrx_word' id='word_1_633' title='bbox 1437 2007 1536 2035; x_wconf 78' lang='lat' dir='ltr'><strong>vellent</strong></span> <span class='ocrx_word' id='word_1_634' title='bbox 1552 2006 1679 2042; x_wconf 69' lang='lat' dir='ltr'><strong>praemio-</strong></span> 
     </span>
    </p>
   </div>
   <div class='ocr_carea' id='block_1_93' title="bbox 891 2054 1678 2092">
    <p class='ocr_par' dir='ltr' id='par_1_93' title="bbox 891 2054 1678 2092">
     <span class='ocr_line' id='line_1_93' title="bbox 891 2054 1678 2092; baseline -0.009 -6"><span class='ocrx_word' id='word_1_635' title='bbox 891 2066 962 2090; x_wconf 83' lang='lat' dir='ltr'><strong>rum,</strong></span> <span class='ocrx_word' id='word_1_636' title='bbox 982 2062 1011 2084; x_wconf 92' lang='lat' dir='ltr'><strong>ut</strong></span> <span class='ocrx_word' id='word_1_637' title='bbox 1036 2057 1171 2092; x_wconf 84' lang='lat' dir='ltr'><strong>stipendia</strong></span> <span class='ocrx_word' id='word_1_638' title='bbox 1196 2055 1247 2082; x_wconf 89' lang='lat' dir='ltr'><strong>sibi</strong></span> <span class='ocrx_word' id='word_1_639' title='bbox 1266 2062 1279 2082; x_wconf 77' lang='grc' dir='ltr'><strong>ιι</strong></span> <span class='ocrx_word' id='word_1_640' title='bbox 1298 2055 1450 2082; x_wconf 81' lang='lat' dir='ltr'><strong>Baimundo</strong></span> <span class='ocrx_word' id='word_1_641' title='bbox 1475 2054 1608 2088; x_wconf 84' lang='lat' dir='ltr'><strong>promissa</strong></span> <span class='ocrx_word' id='word_1_642' title='bbox 1634 2061 1678 2080; x_wconf 90' lang='lat' dir='ltr'><strong>rc-</strong></span> 
     </span>
    </p>
   </div>
   <div class='ocr_carea' id='block_1_94' title="bbox 891 2099 1675 2139">
    <p class='ocr_par' dir='ltr' id='par_1_94' title="bbox 891 2099 1675 2139">
     <span class='ocr_line' id='line_1_94' title="bbox 891 2099 1675 2139; baseline -0.009 -8"><span class='ocrx_word' id='word_1_643' title='bbox 891 2104 1050 2139; x_wconf 71' lang='lat' dir='ltr'><strong>praasentari</strong></span> <span class='ocrx_word' id='word_1_644' title='bbox 1078 2102 1157 2129; x_wconf 88' lang='lat' dir='ltr'><strong>modo</strong></span> <span class='ocrx_word' id='word_1_645' title='bbox 1174 2100 1341 2135; x_wconf 75' lang='lat' dir='ltr'><strong>ﬂagitarent,</strong></span> <span class='ocrx_word' id='word_1_646' title='bbox 1366 2104 1549 2135; x_wconf 76' lang='lat' dir='ltr'><strong>cogeremque</strong></span> <span class='ocrx_word' id='word_1_647' title='bbox 1574 2099 1675 2133; x_wconf 81' lang='lat' dir='ltr'><strong>ipsum,</strong></span> 
     </span>
    </p>
   </div>
   <div class='ocr_carea' id='block_1_95' title="bbox 892 2145 1676 2183">
    <p class='ocr_par' dir='ltr' id='par_1_95' title="bbox 892 2145 1676 2183">
     <span class='ocr_line' id='line_1_95' title="bbox 892 2145 1676 2183; baseline -0.008 -5"><span class='ocrx_word' id='word_1_648' title='bbox 892 2151 914 2178; x_wconf 88' lang='lat' dir='ltr'><strong>si</strong></span> <span class='ocrx_word' id='word_1_649' title='bbox 929 2153 1075 2178; x_wconf 66' lang='lat' dir='ltr'><strong>excusaret</strong></span> <span class='ocrx_word' id='word_1_650' title='bbox 1103 2148 1222 2183; x_wconf 81' lang='lat' dir='ltr'><strong>inopiam</strong></span> <span class='ocrx_word' id='word_1_651' title='bbox 1250 2152 1427 2182; x_wconf 66' lang='lat' dir='ltr'><strong>prmsentcm,</strong></span> <span class='ocrx_word' id='word_1_652' title='bbox 1448 2147 1488 2173; x_wconf 90' lang='lat' dir='ltr'><strong>ire</strong></span> <span class='ocrx_word' id='word_1_653' title='bbox 1514 2145 1546 2173; x_wconf 88' lang='lat' dir='ltr'><strong>ad</strong></span> <span class='ocrx_word' id='word_1_654' title='bbox 1572 2152 1676 2180; x_wconf 85' lang='lat' dir='ltr'><strong>patrem</strong></span> 
     </span>
    </p>
   </div>
   <div class='ocr_carea' id='block_1_96' title="bbox 892 2192 1676 2227">
    <p class='ocr_par' dir='ltr' id='par_1_96' title="bbox 892 2192 1676 2227">
     <span class='ocr_line' id='line_1_96' title="bbox 892 2192 1676 2227; baseline -0.008 -3"><span class='ocrx_word' id='word_1_655' title='bbox 892 2205 970 2224; x_wconf 80' lang='lat' dir='ltr'><strong>suurn</strong></span> <span class='ocrx_word' id='word_1_656' title='bbox 986 2195 1149 2225; x_wconf 64' lang='lat' dir='ltr'><strong>lioberlutn,</strong></span> <span class='ocrx_word' id='word_1_657' title='bbox 1168 2198 1196 2221; x_wconf 90' lang='lat' dir='ltr'><strong>et</strong></span> <span class='ocrx_word' id='word_1_658' title='bbox 1211 2194 1244 2220; x_wconf 84' lang='lat' dir='ltr'><strong>ab</strong></span> <span class='ocrx_word' id='word_1_659' title='bbox 1257 2201 1300 2226; x_wconf 88' lang='lat' dir='ltr'><strong>eo,</strong></span> <span class='ocrx_word' id='word_1_660' title='bbox 1321 2193 1433 2226; x_wconf 79' lang='lat' dir='ltr'><strong>trajecta</strong></span> <span class='ocrx_word' id='word_1_661' title='bbox 1451 2192 1531 2225; x_wconf 85' lang='lat' dir='ltr'><strong>mari,</strong></span> <span class='ocrx_word' id='word_1_662' title='bbox 1545 2192 1676 2227; x_wconf 82' lang='lat' dir='ltr'><strong>pecunias</strong></span> 
     </span>
    </p>
   </div>
   <div class='ocr_carea' id='block_1_97' title="bbox 892 2237 1678 2278">
    <p class='ocr_par' dir='ltr' id='par_1_97' title="bbox 892 2237 1678 2278">
     <span class='ocr_line' id='line_1_97' title="bbox 892 2237 1678 2278; baseline -0.006 -9"><span class='ocrx_word' id='word_1_663' title='bbox 892 2248 996 2278; x_wconf 87' lang='lat' dir='ltr'><strong>petere.</strong></span> <span class='ocrx_word' id='word_1_664' title='bbox 1021 2240 1085 2268; x_wconf 67' lang='lat' dir='ltr'><strong>Haec</strong></span> <span class='ocrx_word' id='word_1_665' title='bbox 1113 2240 1136 2267; x_wconf 90' lang='lat' dir='ltr'><strong>si</strong></span> <span class='ocrx_word' id='word_1_666' title='bbox 1162 2238 1285 2266; x_wconf 77' lang='lat' dir='ltr'><strong>facerent</strong></span> <span class='ocrx_word' id='word_1_667' title='bbox 1308 2247 1405 2266; x_wconf 87' lang='lat' dir='ltr'><strong>omnes</strong></span> <span class='ocrx_word' id='word_1_668' title='bbox 1432 2239 1563 2270; x_wconf 85' lang='lat' dir='ltr'><strong>honores,</strong></span> <span class='ocrx_word' id='word_1_669' title='bbox 1584 2237 1678 2265; x_wconf 87' lang='lat' dir='ltr'><strong>omnia</strong></span> 
     </span>
    </p>
   </div>
   <div class='ocr_carea' id='block_1_98' title="bbox 893 2285 1677 2321">
    <p class='ocr_par' dir='ltr' id='par_1_98' title="bbox 893 2285 1677 2321">
     <span class='ocr_line' id='line_1_98' title="bbox 893 2285 1677 2321; baseline -0.005 -5"><span class='ocrx_word' id='word_1_670' title='bbox 893 2287 1037 2318; x_wconf 82' lang='lat' dir='ltr'><strong>beneficia,</strong></span> <span class='ocrx_word' id='word_1_671' title='bbox 1054 2294 1166 2321; x_wconf 86' lang='lat' dir='ltr'><strong>sperare</strong></span> <span class='ocrx_word' id='word_1_672' title='bbox 1183 2286 1257 2320; x_wconf 87' lang='lat' dir='ltr'><strong>ipsos</strong></span> <span class='ocrx_word' id='word_1_673' title='bbox 1278 2293 1292 2312; x_wconf 80' lang='grc' dir='ltr'><strong>ιι</strong></span> <span class='ocrx_word' id='word_1_674' title='bbox 1309 2293 1338 2313; x_wconf 91' lang='lat' dir='ltr'><strong>se</strong></span> <span class='ocrx_word' id='word_1_675' title='bbox 1355 2285 1479 2320; x_wconf 81' lang='lat' dir='ltr'><strong>jubehat.</strong></span> <span class='ocrx_word' id='word_1_676' title='bbox 1497 2285 1574 2318; x_wconf 85' lang='lat' dir='ltr'><strong>Quod</strong></span> <span class='ocrx_word' id='word_1_677' title='bbox 1592 2286 1614 2313; x_wconf 89' lang='lat' dir='ltr'><strong>si</strong></span> <span class='ocrx_word' id='word_1_678' title='bbox 1631 2286 1677 2320; x_wconf 88' lang='lat' dir='ltr'><strong>qui</strong></span> 
     </span>
    </p>
   </div>
   <div class='ocr_carea' id='block_1_99' title="bbox 893 2331 1680 2364">
    <p class='ocr_par' dir='ltr' id='par_1_99' title="bbox 893 2331 1680 2364">
     <span class='ocr_line' id='line_1_99' title="bbox 893 2331 1680 2364; baseline -0.005 -3"><span class='ocrx_word' id='word_1_679' title='bbox 893 2341 989 2362; x_wconf 79' lang='lat' dir='ltr'><strong>eorum</strong></span> <span class='ocrx_word' id='word_1_680' title='bbox 1004 2333 1134 2359; x_wconf 61' lang='lat' dir='ltr'><strong>Romanae</strong></span> <span class='ocrx_word' id='word_1_681' title='bbox 1150 2331 1255 2358; x_wconf 66' lang='lat' dir='ltr'><strong>militia:</strong></span> <span class='ocrx_word' id='word_1_682' title='bbox 1270 2331 1335 2358; x_wconf 88' lang='lat' dir='ltr'><strong>dare</strong></span> <span class='ocrx_word' id='word_1_683' title='bbox 1364 2338 1463 2358; x_wconf 86' lang='lat' dir='ltr'><strong>nomen</strong></span> <span class='ocrx_word' id='word_1_684' title='bbox 1489 2331 1597 2364; x_wconf 87' lang='lat' dir='ltr'><strong>vellent,</strong></span> <span class='ocrx_word' id='word_1_685' title='bbox 1619 2339 1680 2357; x_wconf 83' lang='lat' dir='ltr'><strong>nm-</strong></span> 
     </span>
    </p>
   </div>
   <div class='ocr_carea' id='block_1_100' title="bbox 892 2377 1678 2414">
    <p class='ocr_par' dir='ltr' id='par_1_100' title="bbox 892 2377 1678 2414">
     <span class='ocr_line' id='line_1_100' title="bbox 892 2377 1678 2414; baseline -0.006 -6"><span class='ocrx_word' id='word_1_686' title='bbox 892 2381 1016 2414; x_wconf 82' lang='lat' dir='ltr'><strong>plissima</strong></span> <span class='ocrx_word' id='word_1_687' title='bbox 1031 2380 1098 2414; x_wconf 88' lang='lat' dir='ltr'><strong>ipsis</strong></span> <span class='ocrx_word' id='word_1_688' title='bbox 1116 2377 1251 2413; x_wconf 83' lang='lat' dir='ltr'><strong>stipendia</strong></span> <span class='ocrx_word' id='word_1_689' title='bbox 1267 2385 1296 2404; x_wconf 87' lang='lat' dir='ltr'><strong>se</strong></span> <span class='ocrx_word' id='word_1_690' title='bbox 1313 2381 1541 2410; x_wconf 80' lang='lat' dir='ltr'><strong>numeraturum;</strong></span> <span class='ocrx_word' id='word_1_691' title='bbox 1570 2378 1612 2404; x_wconf 89' lang='lat' dir='ltr'><strong>sin</strong></span> <span class='ocrx_word' id='word_1_692' title='bbox 1632 2384 1678 2404; x_wconf 88' lang='lat' dir='ltr'><strong>re-</strong></span> 
     </span>
    </p>
   </div>
   <div class='ocr_carea' id='block_1_101' title="bbox 891 2418 1679 2458">
    <p class='ocr_par' dir='ltr' id='par_1_101' title="bbox 891 2418 1679 2458">
     <span class='ocr_line' id='line_1_101' title="bbox 891 2418 1679 2458; baseline -0.006 -3"><span class='ocrx_word' id='word_1_693' title='bbox 891 2427 950 2455; x_wconf 87' lang='lat' dir='ltr'><strong>dire</strong></span> <span class='ocrx_word' id='word_1_694' title='bbox 974 2427 1002 2454; x_wconf 94' lang='lat' dir='ltr'><strong>in</strong></span> <span class='ocrx_word' id='word_1_695' title='bbox 1017 2426 1113 2454; x_wconf 84' lang='lat' dir='ltr'><strong>domos</strong></span> <span class='ocrx_word' id='word_1_696' title='bbox 1136 2432 1202 2452; x_wconf 81' lang='lat' dir='ltr'><strong>suas</strong></span> <span class='ocrx_word' id='word_1_697' title='bbox 1218 2424 1341 2455; x_wconf 86' lang='lat' dir='ltr'><strong>mallent,</strong></span> <span class='ocrx_word' id='word_1_698' title='bbox 1366 2427 1456 2451; x_wconf 84' lang='lat' dir='ltr'><strong>tutum</strong></span> <span class='ocrx_word' id='word_1_699' title='bbox 1483 2418 1538 2451; x_wconf 87' lang='lat' dir='ltr'><strong>illis</strong></span> <span class='ocrx_word' id='word_1_700' title='bbox 1560 2424 1613 2450; x_wconf 87' lang='lat' dir='ltr'><strong>iter</strong></span> <span class='ocrx_word' id='word_1_701' title='bbox 1631 2431 1679 2458; x_wconf 89' lang='lat' dir='ltr'><strong>per</strong></span> 
     </span>
    </p>
   </div>
   <div class='ocr_carea' id='block_1_102' title="bbox 60 2471 1679 2514">
    <p class='ocr_par' dir='ltr' id='par_1_102' title="bbox 60 2471 1679 2514">
     <span class='ocr_line' id='line_1_102' title="bbox 60 2471 1679 2514; baseline -0.002 -12"><span class='ocrx_word' id='word_1_702' title='bbox 60 2474 218 2510; x_wconf 64' lang='lat' dir='ltr'><strong>llungariam</strong></span> <span class='ocrx_word' id='word_1_703' title='bbox 234 2477 376 2506; x_wconf 86' lang='lat' dir='ltr'><strong>daturum.</strong></span> <span class='ocrx_word' id='word_1_704' title='bbox 390 2478 523 2514; x_wconf 75' lang='lat' dir='ltr'><strong>Arrigunt</strong></span> <span class='ocrx_word' id='word_1_705' title='bbox 536 2485 631 2505; x_wconf 88' lang='lat' dir='ltr'><strong>aurem</strong></span> <span class='ocrx_word' id='word_1_706' title='bbox 645 2477 677 2504; x_wconf 89' lang='lat' dir='ltr'><strong>ad</strong></span> <span class='ocrx_word' id='word_1_707' title='bbox 693 2485 726 2505; x_wconf 88' lang='lat' dir='ltr'><strong>ea</strong></span> <span class='ocrx_word' id='word_1_708' title='bbox 747 2478 874 2509; x_wconf 79' lang='lat' dir='ltr'><strong>cornites,</strong></span> <span class='ocrx_word' id='word_1_709' title='bbox 890 2482 916 2504; x_wconf 89' lang='lat' dir='ltr'><strong>et</strong></span> <span class='ocrx_word' id='word_1_710' title='bbox 927 2475 1132 2510; x_wconf 79' lang='lat' dir='ltr'><strong>censpiratioue</strong></span> <span class='ocrx_word' id='word_1_711' title='bbox 1150 2473 1237 2508; x_wconf 78' lang='lat' dir='ltr'><strong>_facta</strong></span> <span class='ocrx_word' id='word_1_712' title='bbox 1267 2472 1295 2500; x_wconf 88' lang='lat' dir='ltr'><strong>in</strong></span> <span class='ocrx_word' id='word_1_713' title='bbox 1330 2471 1465 2500; x_wconf 85' lang='lat' dir='ltr'><strong>Baimund</strong></span> <span class='ocrx_word' id='word_1_714' title='bbox 1476 2479 1521 2499; x_wconf 90' lang='lat' dir='ltr'><strong>um</strong></span> <span class='ocrx_word' id='word_1_715' title='bbox 1551 2471 1679 2500; x_wconf 89' lang='lat' dir='ltr'><strong>cooriun-</strong></span> 
     </span>
    </p>
   </div>
   <div class='ocr_carea' id='block_1_103' title="bbox 570 2533 1144 2568">
    <p class='ocr_par' dir='ltr' id='par_1_103' title="bbox 570 2533 1144 2568">
     <span class='ocr_line' id='line_1_103' title="bbox 570 2533 1144 2568; baseline -0.007 -1"><span class='ocrx_word' id='word_1_716' title='bbox 570 2538 673 2568; x_wconf 69' lang='lat' dir='ltr'><strong>Variae</strong></span> <span class='ocrx_word' id='word_1_717' title='bbox 693 2538 847 2567; x_wconf 86' lang='lat' dir='ltr'><strong>lectiones</strong></span> <span class='ocrx_word' id='word_1_718' title='bbox 863 2545 901 2566; x_wconf 81' lang='lat' dir='ltr'><strong>ex</strong></span> <span class='ocrx_word' id='word_1_719' title='bbox 922 2535 992 2565; x_wconf 89' lang='lat' dir='ltr'><strong>cod.</strong></span> <span class='ocrx_word' id='word_1_720' title='bbox 1009 2533 1144 2564; x_wconf 87' lang='lat' dir='ltr'><strong>Coislin.</strong></span> 
     </span>
    </p>
   </div>
   <div class='ocr_carea' id='block_1_104' title="bbox 88 2597 784 2636">
    <p class='ocr_par' dir='ltr' id='par_1_104' title="bbox 88 2597 784 2636">
     <span class='ocr_line' id='line_1_104' title="bbox 88 2597 784 2636; baseline -0.001 -11"><span class='ocrx_word' id='word_1_721' title='bbox 88 2597 98 2613; x_wconf 83' lang='grc'><strong><em>²</em></strong></span> <span class='ocrx_word' id='word_1_722' title='bbox 109 2599 281 2635; x_wconf 68' lang='grc' dir='ltr'>ὀφθαλμοῖσι.</span> <span class='ocrx_word' id='word_1_723' title='bbox 319 2600 341 2616; x_wconf 75' lang='grc'><strong>’³</strong></span> <span class='ocrx_word' id='word_1_724' title='bbox 357 2599 560 2636; x_wconf 77' lang='grc' dir='ltr'>ὑπαντήσαντα.</span> <span class='ocrx_word' id='word_1_725' title='bbox 597 2599 618 2614; x_wconf 80' lang='grc'><strong>¹⁸</strong></span> <span class='ocrx_word' id='word_1_726' title='bbox 634 2597 784 2634; x_wconf 79' lang='grc' dir='ltr'>Σαλαυρίοι.</span> 
     </span>
    </p>
   </div>
   <div class='ocr_carea' id='block_1_105' title="bbox 824 2595 1030 2626">
    <p class='ocr_par' dir='ltr' id='par_1_105' title="bbox 824 2595 1030 2626">
     <span class='ocr_line' id='line_1_105' title="bbox 824 2595 1030 2626; baseline -0.015 -3"><span class='ocrx_word' id='word_1_727' title='bbox 824 2597 846 2613; x_wconf 74' lang='grc'><strong>’⁵</strong></span> <span class='ocrx_word' id='word_1_728' title='bbox 863 2595 1030 2626; x_wconf 66' lang='grc' dir='ltr'>αὐλίζονται.</span> 
     </span>
    </p>
   </div>
   <div class='ocr_carea' id='block_1_106' title="bbox 1075 2593 1464 2629">
    <p class='ocr_par' dir='ltr' id='par_1_106' title="bbox 1075 2593 1464 2629">
     <span class='ocr_line' id='line_1_106' title="bbox 1075 2593 1464 2629; baseline -0.003 -9"><span class='ocrx_word' id='word_1_729' title='bbox 1075 2594 1097 2609; x_wconf 84' lang='grc'><strong>¹⁰</strong></span> <span class='ocrx_word' id='word_1_730' title='bbox 1109 2594 1215 2629; x_wconf 78' lang='grc' dir='ltr'>ὥσπερ.</span> <span class='ocrx_word' id='word_1_731' title='bbox 1258 2593 1278 2609; x_wconf 87' lang='grc'><strong>¹⁷</strong></span> <span class='ocrx_word' id='word_1_732' title='bbox 1294 2593 1464 2624; x_wconf 76' lang='grc' dir='ltr'>ἀκινδύνους.</span> 
     </span>
    </p>
   </div>
   <div class='ocr_carea' id='block_1_107' title="bbox 584 2665 1157 2704">
    <p class='ocr_par' dir='ltr' id='par_1_107' title="bbox 584 2665 1157 2704">
     <span class='ocr_line' id='line_1_107' title="bbox 584 2665 1157 2704; baseline -0.009 -5"><span class='ocrx_word' id='word_1_733' title='bbox 584 2669 654 2699; x_wconf 81' lang='lat' dir='ltr'><strong>Car.</strong></span> <span class='ocrx_word' id='word_1_734' title='bbox 678 2667 842 2699; x_wconf 84' lang='lat' dir='ltr'><strong>Dufresnii</strong></span> <span class='ocrx_word' id='word_1_735' title='bbox 862 2667 911 2697; x_wconf 89' lang='lat' dir='ltr'><strong>Du</strong></span> <span class='ocrx_word' id='word_1_736' title='bbox 928 2665 1039 2704; x_wconf 67' lang='lat' dir='ltr'><strong>Cangii</strong></span> <span class='ocrx_word' id='word_1_737' title='bbox 1062 2668 1157 2695; x_wconf 73' lang='lat' dir='ltr'><strong>notae.</strong></span> 
     </span>
    </p>
   </div>
   <div class='ocr_carea' id='block_1_108' title="bbox 91 2731 835 2767">
    <p class='ocr_par' dir='ltr' id='par_1_108' title="bbox 91 2731 835 2767">
     <span class='ocr_line' id='line_1_108' title="bbox 91 2731 835 2767; baseline -0.003 -9"><span class='ocrx_word' id='word_1_738' title='bbox 91 2731 144 2767; x_wconf 88' lang='lat'><strong>(6|)</strong></span> <span class='ocrx_word' id='word_1_739' title='bbox 157 2732 261 2765; x_wconf 78' lang='grc' dir='ltr'><strong>οὺζᾶς.</strong></span> <span class='ocrx_word' id='word_1_740' title='bbox 280 2731 349 2760; x_wconf 86' lang='lat' dir='ltr'><strong>Usas</strong></span> <span class='ocrx_word' id='word_1_741' title='bbox 370 2733 411 2759; x_wconf 86' lang='lat' dir='ltr'><strong>vel</strong></span> <span class='ocrx_word' id='word_1_742' title='bbox 430 2732 513 2763; x_wconf 84' lang='lat' dir='ltr'><strong>Usus,</strong></span> <span class='ocrx_word' id='word_1_743' title='bbox 531 2739 544 2758; x_wconf 92' lang='lat' dir='ltr'><strong>a</strong></span> <span class='ocrx_word' id='word_1_744' title='bbox 561 2736 642 2766; x_wconf 76' lang='lat' dir='ltr'><strong>gente</strong></span> <span class='ocrx_word' id='word_1_745' title='bbox 665 2731 835 2767; x_wconf 28' lang='lat' dir='ltr'><strong>ethnatione,</strong></span> 
     </span>
    </p>
   </div>
   <div class='ocr_carea' id='block_1_109' title="bbox 61 2765 836 2801">
    <p class='ocr_par' dir='ltr' id='par_1_109' title="bbox 61 2765 836 2801">
     <span class='ocr_line' id='line_1_109' title="bbox 61 2765 836 2801; baseline 0 -9"><span class='ocrx_word' id='word_1_746' title='bbox 61 2765 143 2801; x_wconf 79' lang='lat' dir='ltr'><strong>inquit</strong></span> <span class='ocrx_word' id='word_1_747' title='bbox 155 2770 242 2800; x_wconf 78' lang='lat' dir='ltr'><strong>Anna,</strong></span> <span class='ocrx_word' id='word_1_748' title='bbox 258 2777 354 2795; x_wconf 80' lang='lat' dir='ltr'><strong>nomen</strong></span> <span class='ocrx_word' id='word_1_749' title='bbox 371 2769 493 2795; x_wconf 79' lang='lat' dir='ltr'><strong>sortitus.</strong></span> <span class='ocrx_word' id='word_1_750' title='bbox 513 2767 583 2794; x_wconf 86' lang='lat' dir='ltr'><strong>Sunt</strong></span> <span class='ocrx_word' id='word_1_751' title='bbox 601 2774 665 2793; x_wconf 81' lang='lat' dir='ltr'><strong>vero</strong></span> <span class='ocrx_word' id='word_1_752' title='bbox 686 2766 744 2796; x_wconf 69' lang='lat' dir='ltr'><strong>Usi.</strong></span> <span class='ocrx_word' id='word_1_753' title='bbox 769 2765 836 2800; x_wconf 87' lang='lat' dir='ltr'><strong>Scy-</strong></span> 
     </span>
    </p>
   </div>
   <div class='ocr_carea' id='block_1_110' title="bbox 60 2801 838 2836">
    <p class='ocr_par' dir='ltr' id='par_1_110' title="bbox 60 2801 838 2836">
     <span class='ocr_line' id='line_1_110' title="bbox 60 2801 838 2836; baseline 0.001 -10"><span class='ocrx_word' id='word_1_754' title='bbox 60 2802 116 2828; x_wconf 82' lang='lat' dir='ltr'><strong>tluci</strong></span> <span class='ocrx_word' id='word_1_755' title='bbox 135 2806 225 2836; x_wconf 67' lang='lat' dir='ltr'><strong>pnpnti</strong></span> <span class='ocrx_word' id='word_1_756' title='bbox 242 2809 269 2830; x_wconf 85' lang='lat' dir='ltr'><strong>et</strong></span> <span class='ocrx_word' id='word_1_757' title='bbox 285 2803 413 2834; x_wconf 75' lang='lat' dir='ltr'><strong>lluuuici,</strong></span> <span class='ocrx_word' id='word_1_758' title='bbox 433 2803 585 2829; x_wconf 76' lang='lat' dir='ltr'><strong>l‘ntzinaris</strong></span> <span class='ocrx_word' id='word_1_759' title='bbox 597 2807 627 2828; x_wconf 85' lang='lat' dir='ltr'><strong>et</strong></span> <span class='ocrx_word' id='word_1_760' title='bbox 643 2801 751 2836; x_wconf 67' lang='lat' dir='ltr'><strong>generis</strong></span> <span class='ocrx_word' id='word_1_761' title='bbox 769 2808 838 2835; x_wconf 61' lang='lat' dir='ltr'><strong>prie-</strong></span> 
     </span>
    </p>
   </div>
   <div class='ocr_carea' id='block_1_111' title="bbox 60 2835 838 2865">
    <p class='ocr_par' dir='ltr' id='par_1_111' title="bbox 60 2835 838 2865">
     <span class='ocr_line' id='line_1_111' title="bbox 60 2835 838 2865; baseline 0 -3"><span class='ocrx_word' id='word_1_762' title='bbox 60 2835 153 2863; x_wconf 74' lang='lat' dir='ltr'><strong>stantia</strong></span> <span class='ocrx_word' id='word_1_763' title='bbox 172 2835 200 2864; x_wconf 60' lang='grc' dir='ltr'><strong>ιιι</strong></span> <span class='ocrx_word' id='word_1_764' title='bbox 225 2839 396 2865; x_wconf 83' lang='lat' dir='ltr'><strong>multitudine</strong></span> <span class='ocrx_word' id='word_1_765' title='bbox 417 2838 488 2864; x_wconf 83' lang='lat' dir='ltr'><strong>haud</strong></span> <span class='ocrx_word' id='word_1_766' title='bbox 507 2835 669 2864; x_wconf 76' lang='lat' dir='ltr'><strong>inferiores.</strong></span> <span class='ocrx_word' id='word_1_767' title='bbox 688 2835 755 2862; x_wconf 80' lang='lat' dir='ltr'><strong>Husi</strong></span> <span class='ocrx_word' id='word_1_768' title='bbox 775 2836 838 2862; x_wconf 67' lang='grc' dir='ltr'>ιιιιί-</span> 
     </span>
    </p>
   </div>
   <div class='ocr_carea' id='block_1_112' title="bbox 61 2871 835 2908">
    <p class='ocr_par' dir='ltr' id='par_1_112' title="bbox 61 2871 835 2908">
     <span class='ocr_line' id='line_1_112' title="bbox 61 2871 835 2908; baseline -0.001 -10"><span class='ocrx_word' id='word_1_769' title='bbox 61 2873 154 2900; x_wconf 85' lang='lat' dir='ltr'><strong>mundo</strong></span> <span class='ocrx_word' id='word_1_770' title='bbox 170 2874 203 2898; x_wconf 79' lang='lat' dir='ltr'><strong>de</strong></span> <span class='ocrx_word' id='word_1_771' title='bbox 219 2875 311 2908; x_wconf 67' lang='grc' dir='ltr'>Αθίίιδ,</span> <span class='ocrx_word' id='word_1_772' title='bbox 328 2879 355 2900; x_wconf 81' lang='lat' dir='ltr'><strong>et</strong></span> <span class='ocrx_word' id='word_1_773' title='bbox 368 2873 527 2903; x_wconf 82' lang='lat' dir='ltr'><strong>Tudebodo,</strong></span> <span class='ocrx_word' id='word_1_774' title='bbox 547 2873 593 2899; x_wconf 83' lang='lat' dir='ltr'><strong>lib.</strong></span> <span class='ocrx_word' id='word_1_775' title='bbox 611 2879 629 2898; x_wconf 87' lang='lat' dir='ltr'><strong>tt</strong></span> <span class='ocrx_word' id='word_1_776' title='bbox 646 2872 722 2899; x_wconf 76' lang='lat' dir='ltr'><strong>dicti.</strong></span> <span class='ocrx_word' id='word_1_777' title='bbox 741 2871 776 2898; x_wconf 84' lang='lat' dir='ltr'><strong>Ue</strong></span> <span class='ocrx_word' id='word_1_778' title='bbox 793 2871 835 2898; x_wconf 83' lang='lat' dir='ltr'><strong>liis</strong></span> 
     </span>
    </p>
   </div>
   <div class='ocr_carea' id='block_1_113' title="bbox 176 2920 546 2953">
    <p class='ocr_par' dir='ltr' id='par_1_113' title="bbox 176 2920 546 2953">
     <span class='ocr_line' id='line_1_113' title="bbox 176 2920 546 2953; baseline 0.003 -3"><span class='ocrx_word' id='word_1_779' title='bbox 176 2921 315 2951; x_wconf 77' lang='grc' dir='ltr'>ΡΑτιιοι.</span> <span class='ocrx_word' id='word_1_780' title='bbox 330 2921 388 2951; x_wconf 79' lang='lat' dir='ltr'><strong>Gn.</strong></span> <span class='ocrx_word' id='word_1_781' title='bbox 411 2920 546 2953; x_wconf 79' lang='lat' dir='ltr'><strong>CXXXI.</strong></span> 
     </span>
    </p>
   </div>
   <div class='ocr_carea' id='block_1_114' title="bbox 890 2721 1676 2763">
    <p class='ocr_par' dir='ltr' id='par_1_114' title="bbox 890 2721 1676 2763">
     <span class='ocr_line' id='line_1_114' title="bbox 890 2721 1676 2763; baseline -0.01 -8"><span class='ocrx_word' id='word_1_782' title='bbox 890 2732 976 2763; x_wconf 81' lang='lat' dir='ltr'><strong>agunt</strong></span> <span class='ocrx_word' id='word_1_783' title='bbox 992 2726 1114 2763; x_wconf 79' lang='lat' dir='ltr'><strong>Zonaras</strong></span> <span class='ocrx_word' id='word_1_784' title='bbox 1133 2726 1159 2752; x_wconf 92' lang='lat' dir='ltr'><strong>in</strong></span> <span class='ocrx_word' id='word_1_785' title='bbox 1186 2725 1281 2763; x_wconf 74' lang='lat' dir='ltr'><strong>Const.</strong></span> <span class='ocrx_word' id='word_1_786' title='bbox 1304 2725 1376 2763; x_wconf 55' lang='lat' dir='ltr'><strong>Dura</strong></span> <span class='ocrx_word' id='word_1_787' title='bbox 1392 2728 1417 2750; x_wconf 85' lang='lat' dir='ltr'><strong>et</strong></span> <span class='ocrx_word' id='word_1_788' title='bbox 1436 2724 1571 2763; x_wconf 45' lang='lat' dir='ltr'><strong>Itomanoh</strong></span> <span class='ocrx_word' id='word_1_789' title='bbox 1585 2721 1676 2763; x_wconf 50' lang='lat' dir='ltr'><strong>Diog;</strong></span> 
     </span>
    </p>
   </div>
   <div class='ocr_carea' id='block_1_115' title="bbox 891 2756 1677 2791">
    <p class='ocr_par' dir='ltr' id='par_1_115' title="bbox 891 2756 1677 2791">
     <span class='ocr_line' id='line_1_115' title="bbox 891 2756 1677 2791; baseline -0.009 -2"><span class='ocrx_word' id='word_1_790' title='bbox 891 2756 1024 2791; x_wconf 53' lang='lat' dir='ltr'><strong>Sivlitzes</strong></span> <span class='ocrx_word' id='word_1_791' title='bbox 1043 2762 1069 2788; x_wconf 91' lang='lat' dir='ltr'><strong>in</strong></span> <span class='ocrx_word' id='word_1_792' title='bbox 1091 2762 1269 2787; x_wconf 80' lang='lat' dir='ltr'><strong>Mouomaeho</strong></span> <span class='ocrx_word' id='word_1_793' title='bbox 1286 2764 1313 2786; x_wconf 84' lang='lat' dir='ltr'><strong>et</strong></span> <span class='ocrx_word' id='word_1_794' title='bbox 1329 2759 1425 2785; x_wconf 70' lang='lat' dir='ltr'><strong>Const.</strong></span> <span class='ocrx_word' id='word_1_795' title='bbox 1446 2758 1536 2786; x_wconf 82' lang='lat' dir='ltr'><strong>Duca:</strong></span> <span class='ocrx_word' id='word_1_796' title='bbox 1552 2756 1677 2791; x_wconf 84' lang='lat' dir='ltr'><strong>Porphy-</strong></span> 
     </span>
    </p>
   </div>
   <div class='ocr_carea' id='block_1_116' title="bbox 893 2792 1676 2830">
    <p class='ocr_par' dir='ltr' id='par_1_116' title="bbox 893 2792 1676 2830">
     <span class='ocr_line' id='line_1_116' title="bbox 893 2792 1676 2830; baseline -0.005 -7"><span class='ocrx_word' id='word_1_797' title='bbox 893 2793 1050 2830; x_wconf 45' lang='lat' dir='ltr'><strong>rogruueta,</strong></span> <span class='ocrx_word' id='word_1_798' title='bbox 1084 2796 1119 2822; x_wconf 83' lang='lat' dir='ltr'><strong>De</strong></span> <span class='ocrx_word' id='word_1_799' title='bbox 1155 2796 1227 2823; x_wconf 79' lang='lat' dir='ltr'><strong>adm.</strong></span> <span class='ocrx_word' id='word_1_800' title='bbox 1249 2795 1311 2829; x_wconf 81' lang='lat' dir='ltr'><strong>imp.</strong></span> <span class='ocrx_word' id='word_1_801' title='bbox 1342 2801 1403 2828; x_wconf 74' lang='lat' dir='ltr'><strong>cap.</strong></span> <span class='ocrx_word' id='word_1_802' title='bbox 1433 2794 1470 2826; x_wconf 89' lang='lat'><strong>9,</strong></span> <span class='ocrx_word' id='word_1_803' title='bbox 1505 2792 1602 2830; x_wconf 65' lang='lat' dir='ltr'><strong>&#39;10__§t</strong></span> 
     </span>
    </p>
   </div>
   <div class='ocr_carea' id='block_1_117' title="bbox 892 2826 1676 2864">
    <p class='ocr_par' dir='ltr' id='par_1_117' title="bbox 892 2826 1676 2864">
     <span class='ocr_line' id='line_1_117' title="bbox 892 2826 1676 2864; baseline -0.006 -5"><span class='ocrx_word' id='word_1_804' title='bbox 892 2826 1016 2861; x_wconf 73' lang='lat' dir='ltr'><strong>&#39;l‘ietzes.</strong></span> <span class='ocrx_word' id='word_1_805' title='bbox 1034 2826 1143 2862; x_wconf 83' lang='lat' dir='ltr'><strong>ehil..8,</strong></span> <span class='ocrx_word' id='word_1_806' title='bbox 1159 2838 1218 2864; x_wconf 88' lang='lat' dir='ltr'><strong>cap.</strong></span> <span class='ocrx_word' id='word_1_807' title='bbox 1235 2826 1298 2864; x_wconf 62' lang='grc' dir='ltr'><strong>απ,</strong></span> <span class='ocrx_word' id='word_1_808' title='bbox 1314 2835 1341 2857; x_wconf 84' lang='lat' dir='ltr'><strong>et</strong></span> <span class='ocrx_word' id='word_1_809' title='bbox 1356 2826 1443 2862; x_wconf 80' lang='lat' dir='ltr'><strong>Anna,</strong></span> <span class='ocrx_word' id='word_1_810' title='bbox 1457 2836 1518 2864; x_wconf 78' lang='lat' dir='ltr'><strong>pag.</strong></span> <span class='ocrx_word' id='word_1_811' title='bbox 1534 2827 1597 2860; x_wconf 77' lang='grc'><strong>170,</strong></span> <span class='ocrx_word' id='word_1_812' title='bbox 1612 2826 1676 2854; x_wconf 71' lang='grc'><strong>201.</strong></span> 
     </span>
    </p>
   </div>
   <div class='ocr_carea' id='block_1_118' title="bbox 927 2865 1249 2904">
    <p class='ocr_par' dir='ltr' id='par_1_118' title="bbox 927 2865 1249 2904">
     <span class='ocr_line' id='line_1_118' title="bbox 927 2865 1249 2904; baseline -0.012 -9"><span class='ocrx_word' id='word_1_813' title='bbox 927 2868 994 2904; x_wconf 68' lang='grc' dir='ltr'><strong>(δι’)</strong></span> <span class='ocrx_word' id='word_1_814' title='bbox 1010 2866 1086 2895; x_wconf 56' lang='lat' dir='ltr'><strong>iuuit.</strong></span> <span class='ocrx_word' id='word_1_815' title='bbox 1102 2875 1131 2902; x_wconf 82' lang='grc' dir='ltr'><strong>η,</strong></span> <span class='ocrx_word' id='word_1_816' title='bbox 1148 2874 1172 2894; x_wconf 87' lang='lat' dir='ltr'><strong>v.</strong></span> <span class='ocrx_word' id='word_1_817' title='bbox 1186 2865 1249 2892; x_wconf 72' lang='lat'><strong>2-26.</strong></span> 
     </span>
    </p>
   </div>
  </div>
