1867 3046
167 123 220 155 435

826 125 876 155 ΑΝ
882 123 942 155 ΝΕ
959 123 1063 155 COMN
1069 122 1117 154 EN
1120 122 1153 152 ΔΕ

1746 119 1802 152 436

170 179 323 213 praesertim
344 187 426 215 quem
447 179 592 216 inscripsit
613 180 763 216 Organum,
785 187 842 216 quo
858 187 888 208 se

1065 186 1134 205 totm
1151 177 1359 214 πραγματείαν,
1377 177 1424 207 καὶ
1445 177 1539 214 eadm.
1559 176 1660 212 μᾶλλον
1683 175 1802 211 ἱνηϐρή-

169 226 446 260 tissimumjactabat
467 226 565 260 Italus,
583 231 612 254 ut
631 227 659 255 in
679 227 758 263 cujus
775 227 959 257 meditatione

168 267 232 309 plus
246 273 295 300 otii
312 273 446 308 triverat)
469 273 628 301 clarissime
645 281 675 302 se
691 274 822 310 dogmata
843 275 958 310 exposi-

170 326 263 347 turum
281 320 471 354 profitebatur.
495 320 524 347 Id
548 320 595 348 ille
620 324 761 354 utcunque
780 325 896 349 conatus
917 326 960 349 est

169 366 297 400 exsequi.
315 365 387 393 haud
405 365 523 393 multum
549 370 640 394 tamen
659 367 791 402 prodesse
814 363 959 402 discipulis

171 411 275 440 valuit:
298 411 441 438 iracundia
458 411 541 439 credo
565 415 593 438 ct
615 411 826 447 importunitate
850 419 959 438 morum

168 458 298 486 obstante
318 459 487 494 perceptioni
504 459 651 491 doctrinae,
676 459 714 486 rei
729 464 828 486 natura
842 458 913 486 lenis
928 466 960 486 ac

170 505 327 532 clementis.
354 505 419 539 Ejus
435 513 503 533 sane
519 507 558 533 rei
582 505 660 533 fidem
687 506 772 534 faciat
803 505 960 534 recordatio

171 551 229 585 ipsa
245 559 276 578 ac
293 553 397 579 mentio
413 552 569 579 auditorum
581 552 652 580 Itali.
672 553 738 580 Vide
751 553 817 579 mihi
834 553 961 580 Salomo-

172 605 232 624 nem
250 601 277 624 ct
298 598 434 626 Jomnem
463 599 537 630 illos,
560 604 618 626 tum
643 598 749 626 Jasitas
773 599 907 633 quosdam
933 604 960 625 et

172 643 307 677 Serblias,
333 649 360 671 et
388 645 458 672 alios
485 645 601 672 istorutn
637 650 794 680 temporum
825 645 959 672 doctrinm

171 691 323 719 studiosos.
340 693 476 726 Equidem
495 692 644 726 plerosque
665 697 761 726 postea
781 691 895 719 utemini
917 691 958 718 vi-

171 736 237 765 dere
256 745 298 765 me
314 737 524 772 l'requentantcs
539 738 630 765 aulam
657 738 776 772 regiam,
804 738 832 765 in
858 738 960 773 quibus

173 782 242 809 nihil
261 791 384 814 unquam
411 784 538 818 elegans,
559 783 628 811 nihil
647 784 775 818 politum,
801 791 837 811 ne
863 787 960 811 exacte

171 828 283 863 quidem
302 830 442 858 ac'solide
458 830 570 862 scitum,
595 830 790 858 animadverti.
820 830 958 858 Imitatio-

173 881 233 901 nem
250 877 356 900 tantum
371 874 538 902 inconditam
558 874 696 902 dialectici
714 875 891 909 prmeeptoris
904 874 958 907 sui,
976 856 996 883 Β

172 919 251 954 eujus
268 925 362 955 gestus
378 920 488 953 efferes,
513 926 590 948 vasta
604 921 756 956 iactatione
773 921 960 948 membrorum

171 971 264 994 truces
279 970 306 994 et
324 967 468 994 inhumani
485 968 723 1002 repraesentabaut
744 975 750 993 :
765 967 826 994 sani
849 967 960 1001 quidem

171 1011 333 1039 sentiebant
352 1012 567 1046 proferebantve
586 1011 665 1039 nihil.
682 1012 755 1045 Quin
774 1012 849 1039 ideas
865 1012 960 1046 loquc-

171 1057 283 1092 bantur,
304 1062 331 1086 et
350 1059 445 1086 nescio
469 1059 534 1093 quid
557 1059 592 1086 de
610 1057 861 1086 transanimatione
887 1065 962 1085 mus-

170 1105 292 1133 sitabant
323 1106 499 1134 subobscure
524 1115 532 1133 :
562 1106 744 1141 eiusdemque
781 1105 834 1132 alia
863 1104 960 1132 farina;

1010 235 1072 253 νετο
1087 225 1134 254 καὶ
1149 225 1338 260 ὲνησχόλητο),
1355 225 1385 253 οὐ
1410 225 1480 253 πάνυ
1497 233 1538 251 τοι
1557 224 1580 240 δ’
1608 224 1672 255 τοὺς
1698 223 1804 257 μανϐἀ»

1010 281 1105 304 νοντας
1130 272 1270 307 ὠφελῆσαι
1291 271 1418 307 ἐξίσχυσε
1434 271 1468 306 ⁸⁸,
1483 271 1528 297 τὸν
1545 270 1644 305 θυμὸν,
1670 269 1719 296 καὶ
1752 270 1802 303 τὴν

1010 319 1093 355 ἄλλην
1120 319 1166 346 τοῦ
1189 319 1271 355 ἤθους
1298 319 1507 345 ἀκαταστασία-ι
1528 317 1645 351 κώλυμα
1672 317 1695 332 δ’
1717 316 1801 351 ἔχων.

1010 367 1066 394 Καὶ
1081 367 1131 402 ὅρα
1145 375 1190 402 μοι
1206 366 1268 397 τοὺς
1286 366 1383 393 τούτου
1406 364 1541 400 μαθητάς.
1568 364 1620 395 Τζιν
1634 363 1803 396 Satorum-.1

1016 411 1155 446 Ἰωάννην,
1172 410 1221 437 καί
1240 420 1318 443 τινας
1337 410 1456 441 ἰασίτας
1488 410 1555 444 (67).
1580 409 1629 436 καὶ
1652 409 1802 442 Σερῦλίσς,

1010 458 1057 485 καὶ
1067 457 1164 488 ἄλλους
1174 457 1251 491 τάχα,
1269 457 1334 492 περὶ
1355 457 1405 492 τὴν
1429 456 1550 492 μάθησιν
1577 454 1801 486 ἐσπουδακότας·

1009 501 1046 531 ὧν
1061 505 1126 537 τοὺς
1142 505 1254 536 πλείους
1271 504 1347 539 θαμὰ
1361 503 1514 539 φοιτῶντας
1530 503 1599 539 πρὸς
1610 502 1645 528 τα
1663 501 1802 537 βασίλεια,

1009 551 1057 578 καὶ¹
1079 552 1148 586 αὑτὴ
1181 551 1344 586 ἐθεασάμην
1371 550 1498 587 ὕστερον,
1521 549 1647 585 τεχνικὸν
1674 549 1761 584 μηδὲν
1778 557 1803 574 τι

1010 598 1082 624 κατὰ
1104 597 1250 633 ἀκρίϐειαν
1272 597 1389 630 εἰδότας,
1416 596 1676 632 σχηματιζομένους
1703 595 1733 622 δὲ
1758 595 1803 622 τὸν

1009 644 1191 677 διαλεκτικὸν,
1217 644 1362 679 κινήσεσιν
1383 643 1526 675 ἀτάκτοις,
1544 642 1592 669 καὶ
1623 643 1730 676 μορίων
1754 650 1805 668 πα-

1011 690 1143 726 ραφόροις
1153 689 1209 716 τισὶ
1225 690 1396 725 μεταφοραῖς
1412 689 1489 723 ὑγιὲς
1511 688 1539 715 δὲ
1554 688 1631 715 οὐδὲν
1646 687 1804 722 ὲπισταμέυ

1010 745 1083 768 νους,
1109 736 1349 772 προϐαλλομένους
1366 735 1416 768 τὰς
1437 735 1510 767 ἰδέας
1530 735 1580 770 ἤδη
1606 735 1634 761 δὲ
1649 735 1673 750 ⁸⁸
1690 735 1739 760 καὶ
1756 735 1804 765 τὰς

1011 781 1238 818 μετεμψυχώσεις
1253 783 1496 818 συνεσκιασμένως
1512 791 1582 814 πως,
1599 782 1646 808 καὶ
1665 781 1724 808 ἄλλ’
1737 781 1805 808 ἄττα

1010 829 1188 864 ὁμοιότροπα,
1216 828 1264 855 καὶ
1286 829 1488 864 παραπλησίως
1519 829 1628 860 τούτοις
1653 828 1803 858 ἀλλόκοτα,

1011 875 1058 902 καὶ
1075 875 1118 907 τίς
1135 875 1190 911 γὰρ
1216 875 1297 910 λόγου
1316 876 1440 911 μετέχων
1468 876 1499 902 οὗ
1521 875 1627 911 παρῆν,
1655 874 1703 901 τοῦ
1731 873 1804 909 ἱεροῦ

1013 921 1129 956 ζεύγους
1157 922 1287 950 τοσοῦτον
1316 923 1381 957 περὶ
1398 921 1448 956 τὴν
1467 922 1523 948 τῶν
1541 922 1622 948 θείων
1638 921 1728 955 λόγων
1749 921 1806 953 ὲξε-

1013 967 1153 1003 ρεύνησιν,
1166 968 1210 994 διὰ
1227 968 1320 1003 πάσης
1333 968 1431 1000 νυκτδς
1442 968 1489 995 καὶ
1501 968 1607 1003 ἡμέρας
1617 967 1751 994 διαπονου
1758 963 1814 1010 μοί-ξ

1009 1021 1074 1045 νων,
1095 1014 1159 1042 τοὺς
1175 1013 1258 1047 ἐμούς
1275 1023 1347 1049 φημι
1361 1014 1459 1045 τοκέας
1470 1014 1517 1041 καὶ
1532 1014 1662 1048 βασιλεῖς.
1686 1013 1768 1040 Ἀλλά
1778 1021 1805 1039 τι

1009 1060 1112 1094 μικρὸν
1129 1059 1395 1095 παραδιηγήσομαι·
1418 1059 1503 1086 δίδοσι
1522 1059 1545 1077 ¹¹
1573 1059 1629 1094 γάρ
1651 1068 1697 1093 μοι
1725 1050 1811 1095 τοῦτο

1008 1105 1090 1140 νόμος
1114 1106 1274 1141 ῥητορικός.

1808 1126 1814 1149 l

170 1151 332 1180 Christiano
364 1154 493 1188 dogmate
520 1153 678 1188 proscripta
711 1152 877 1180 delirabant.
903 1151 959 1179 Nec
980 1152 1139 1186 mirabitur,
1156 1153 1230 1188 quod
1250 1153 1307 1180 dixi
1331 1153 1534 1188 frequentatam
1555 1153 1589 1180 ab
1624 1152 1667 1180 his
1699 1152 1805 1182 aulam,

170 1198 216 1232 qui
231 1199 517 1234 reputaveritquanla
536 1204 562 1227 et
580 1207 662 1234 quam
688 1198 813 1234 professa
836 1199 1030 1227 benevolentia
1046 1207 1155 1226 sacrum
1184 1198 1250 1227 illud
1287 1207 1337 1234 par
1368 1199 1515 1235 conjugum
1546 1198 1694 1234 (parentes
1732 1205 1806 1227 meos

170 1244 312 1279 Augustos
327 1245 409 1280 dico)
428 1245 533 1273 litteras
546 1250 573 1273 ct
589 1246 725 1273 litteratos
745 1246 968 1280 amplecteretur.
989 1245 1047 1278 Qua
1083 1252 1113 1273 re
1142 1246 1211 1273 satis
1234 1245 1342 1281 vulgata
1368 1246 1461 1273 nullus
1488 1245 1603 1273 omnino
1632 1246 1678 1281 qui
1709 1246 1807 1275 litteris

172 1291 297 1320 initiatus
326 1296 411 1326 esset,
440 1301 496 1320 non
523 1293 557 1320 ad
581 1301 629 1321 eos
660 1293 744 1320 itabat
776 1293 958 1320 confidenter.
998 1291 1086 1319 Porro
1131 1293 1223 1320 studia
1253 1300 1308 1319 non
1341 1292 1404 1319 aliis
1432 1292 1522 1319 fovere
1548 1292 1637 1328 magis
1668 1300 1752 1326 quam
1781 1291 1806 1319 in

171 1338 271 1373 seipsis
286 1346 417 1366 exercere
439 1346 508 1366 cura
524 1343 595 1366 erat.
613 1338 858 1366 Consumebantur
886 1338 955 1370 dies,
977 1337 1183 1373 'vigilabantur
1217 1342 1315 1365 noctes
1339 1337 1373 1365 ab
1403 1343 1532 1372 utroque,
1563 1337 1590 1364 in
1620 1338 1803 1366 meditatione

171 1393 315 1413 sacrorum
360 1385 520 1414 Librorum.
545 1386 637 1422 Atque
669 1387 714 1414 hic
760 1387 828 1414 libet
857 1386 896 1414 uti
926 1384 1056 1414 facultate
1094 1392 1177 1420 quam
1228 1384 1367 1413 rhetorica
1399 1384 1531 1420 indulget,
1562 1384 1685 1413 breviter
1713 1385 1805 1421 digre-

171 1433 274 1461 diendi.

208 1479 321 1507 Memini
353 1479 509 1514 Augustam
542 1483 660 1508 matrem
698 1487 786 1508 meam
816 1487 868 1507 nec
897 1486 945 1506 cun

1069 1475 1197 1511 ἰέμνημαι
1224 1477 1275 1512 τῆς
1301 1475 1405 1512 μητρὸς
1431 1476 1480 1502 καὶ
1505 1475 1641 1510 βασιλίδος
1665 1475 1806 1509 πολλάκις,

173 1533 271 1554 mensa
288 1524 378 1560 posita
393 1524 426 1552 ad
443 1532 551 1552 cmnam
567 1529 714 1552 vocaretur
732 1525 858 1560 potuisse
875 1524 907 1551 de

1068 1530 1123 1548 rrou
1154 1520 1351 1556 προκειμένου,
1369 1520 1463 1556 βίϐλον
1493 1520 1522 1547 ἐν
1537 1522 1641 1556 χεροῖν.
1657 1521 1805 1555 φερούσης,

172 1579 239 1599 nere
256 1572 289 1598 de
306 1571 436 1598 manibus
446 1578 516 1605 quos
526 1571 688 1598 avidissime
703 1570 844 1598 lectitabat
861 1571 909 1598 libi

1081 1568 1144 1599 τοὺς
1170 1567 1268 1602 λόγους
1294 1567 1513 1601 διερευνωμὲνης
1537 1566 1591 1593 τῶν
1618 1566 1807 1600 δογματιστῶν

172 1623 234 1644 cum
252 1617 370 1644 aliorum
384 1620 542 1644 sanctorum
560 1616 672 1644 Patrum
687 1617 735 1652 qui
753 1617 788 1644 de
809 1617 899 1645 sacris

1069 1623 1099 1640 av
1116 1613 1258 1649 Πατέρων,
1273 1613 1394 1648 μάλιστα
1411 1612 1440 1639 δὲ
1452 1612 1498 1639 τοῦ
1516 1611 1665 1646 φιλοσόφου
1682 1613 1806 1647 Μαξίμου

172 1662 312 1698 gmatibus
325 1668 453 1697 egerunt,
469 1666 527 1690 tum
545 1662 698 1698 prmsertim
728 1663 817 1690 sancti
847 1662 909 1690 Max

1080 1659 1229 1695 μάρτυρος.
1263 1658 1442 1687 Ἑσπουδάκει
1474 1659 1529 1695 γὰρ
1546 1659 1576 1685 οὐ
1591 1659 1722 1686 τοσοῦτον
1750 1659 1808 1694 περὶ

172 1709 328 1744 philosophi
349 1713 376 1737 et
395 1710 538 1745 martyris.
555 1709 713 1737 Delectabat
727 1709 800 1737 enim
818 1709 909 1737 illamt

1076 1706 1194 1740 φυσικὰς
1221 1705 1395 1741 συζητήσεις,
1411 1706 1510 1732 ὁπόσον
1526 1705 1590 1740 περὶ
1623 1705 1658 1732 τὰ
1676 1705 1806 1740 δόγματα,

174 1759 228 1781 Iam
251 1756 437 1789 quaestionum
450 1755 601 1790 explicatio
616 1755 797 1788 naturalium,
822 1762 903 1790 quam
921 1755 962 1782 di-

172 1801 300 1829 vinorum
312 1802 473 1837 dogmatum
491 1802 687 1836 perscrutatio,
701 1802 729 1828 in
746 1810 865 1837 quorum
881 1801 962 1828 intel-

173 1847 285 1882 ligentia
313 1855 407 1875 verum
436 1855 576 1882 germana:
605 1847 751 1882 sapientia:
785 1848 907 1875 fructum
935 1852 963 1875 et

174 1894 280 1921 sciebat
299 1894 395 1926 situm,
411 1897 438 1921 et
462 1894 611 1928 qumrebat.
644 1893 761 1921 Mirabar
785 1901 817 1922 ea
846 1899 963 1922 cernens

173 1947 236 1974 ego,
267 1943 294 1966 ct
319 1939 470 1974 aliquando
503 1947 571 1967 ausa
594 1939 659 1974 quid
680 1939 811 1967 sentirem
845 1941 962 1968 dicere:

174 1986 328 2019 Quomodo,
351 1986 473 2021 inquam,
492 1994 508 2014 e
529 1987 610 2021 plano
627 1986 654 2013 in
673 1986 846 2014 altitudinem
872 1988 964 2022 suspi-

175 2040 238 2060 cere
254 2036 280 2059 to
296 2031 396 2067 juvat?
418 2036 506 2060 tremo
520 2031 648 2067 equidem
669 2039 720 2067 ego
737 2031 863 2066 intuens,
876 2040 909 2061 ac
928 2041 963 2061 ne

175 2078 290 2106 summis
319 2078 432 2113 quidem
459 2078 576 2106 auribus
612 2079 758 2107 admittere
795 2080 963 2108 mentionem

174 2122 263 2150 audeo
291 2130 456 2150 arcanorum
485 2127 539 2150 tam
573 2123 745 2152 sublimium.
769 2125 863 2161 Stylus
878 2126 963 2159 enim,

174 2167 304 2198 utaiunt,
322 2167 411 2194 sancti
435 2166 547 2195 Maximi
575 2172 688 2196 evectus
718 2169 854 2198 altissime
880 2178 963 2206 supra

175 2220 256 2240 usum
273 2216 300 2240 et
313 2217 425 2248 captent
447 2213 631 2242 humanorum
654 2222 801 2247 sensuum,
830 2220 857 2243 et
873 2217 899 2243 in
914 2216 964 2244 eli-

175 2259 349 2294 quatissimis
380 2260 664 2295 contemplationibus
688 2262 803 2290 assidue
830 2262 961 2295 volitans,

175 2305 342 2340 vertiginem
367 2306 516 2341 quamdam
536 2306 614 2334 θίγοι-ι
641 2307 808 2343 legentibus.
834 2308 876 2335 Ad
905 2308 961 2336 haec

176 2350 302 2378 arridens
319 2351 375 2385 illa,
397 2351 576 2379 Laudabilem
596 2352 690 2384 istum,
708 2353 756 2384 ait,
776 2359 879 2380 metum
893 2355 962 2381 scio.

175 2396 272 2431 Neque
285 2403 334 2432 ego
351 2397 412 2424 sine
429 2401 550 2424 tremore
573 2396 606 2424 ad
624 2396 709 2432 148
721 2404 818 2425 sacros
838 2398 889 2425 hos
918 2404 964 2424 ac-

176 2442 243 2470 cedo
270 2443 366 2476 libros,
382 2446 473 2471 tamen
492 2443 574 2471 avelli
591 2443 625 2470 ab
641 2444 683 2471 eis
708 2451 815 2480 nequeo
830 2452 836 2470 :
852 2444 917 2479 quin
936 2449 963 2471 lu

1012 1752 1062 1788 τὴν
1076 1752 1161 1784 ὅντως
1191 1751 1286 1787 σοφίαν
1308 1751 1484 1787 καρποῦσθαι
1499 1751 1660 1787 βουλομένη.
1690 1752 1748 1779 Καί
1768 1761 1808 1787 μοι

1015 1798 1148 1830 πολλάκις
1178 1798 1330 1833 θαυμάζειν
1343 1798 1439 1833 -ὲπῄει,
1464 1797 1512 1824 καὶ
1544 1797 1729 1831 θαυμάζουσα
1745 1799 1809 1832 ἔφην

1013 1845 1081 1871 ποτὲ
1096 1845 1164 1880 προς
1176 1844 1274 1878 αὐτὴν·
1296 1844 1358 1875 Πῶς
1378 1843 1493 1871 αὐτόθεν
1507 1843 1576 1878 πρὸς
1595 1842 1728 1870 τοσοῦτον
1747 1843 1808 1877 ὕψος

1014 1890 1186 1926 ὲτιέϐλεψαςς
1215 1890 1324 1924 Ἔγωγε
1347 1889 1454 1925 τρέμω,
1478 1889 1525 1916 καὶ
1543 1889 1597 1915 οὐδ’
1622 1888 1694 1923 ἄκρο
1708 1898 1722 1920 ς
1745 1889 1808 1915 ὠσὶν

1014 1936 1161 1972 ἀποτολμῶ
1180 1936 1284 1962 τούτων
1300 1935 1419 1962 ἐπαΐειν.
1433 1934 1470 1961 Τὸ
1488 1935 1543 1970 γὰρ
1556 1934 1627 1961 πάνυ
1640 1933 1808 1970 θεωρητικόν

1013 1992 1044 2010 τε
1058 1983 1106 2011 καὶ
1126 1983 1220 2018 νοερὸν
1237 1982 1283 2009 τοῦ
1312 1982 1418 2018 ἀνδρὸς,
1435 1982 1473 2013 ὥς
1493 1991 1586 2016 φασιν,
1605 1981 1710 2016 ἴλιγγον
1727 1981 1807 2016 παρέ-

1013 2037 1091 2065 χεται
1107 2029 1165 2060 τοῖς
1180 2026 1426 2061 ἀναγινώσκουσιν.
1452 2027 1483 2052 Ἦ
1498 2026 1527 2053 δὲ
1545 2026 1713 2061 μειδιάσασα
1743 2025 1802 2060 ἔφη·

1021 2069 1249 2107 Ἐπαινετὴνοῖδα
1263 2071 1314 2106 τὴν
1342 2071 1445 2098 δειλίαν
1467 2070 1580 2106 ταύτην·
1596 2071 1645 2097 καὶ
1671 2070 1729 2096 οὐδ’
1744 2070 1808 2104 αὗτὴ

1015 2119 1137 2154 ἀτρέμας
1150 2119 1211 2149 ταῖς
1231 2117 1334 2153 βίϐλοις
1345 2116 1460 2148 ταύταις
1477 2117 1619 2152 πρόσειμι.
1649 2116 1724 2143 Ἀλλ’
1740 2116 1808 2151 ὅμως

1015 2164 1316 2194 ἅποσπᾶσθαι.τούτων
1343 2163 1374 2190 οὐ
1389 2163 1517 2197 δύναμαι.
1542 2163 1578 2189 Σὺ
1601 2162 1629 2189 δὲ
1650 2171 1696 2197 μοι
1715 2162 1808 2197 μικρὸν

1014 2209 1173 2248 ἀνάμεινον,
1187 2211 1237 2238 καὶ
1249 2212 1308 2242 ταῖς
1323 2210 1419 2242 ἄλλαις
1433 2210 1577 2244 ἑγκύψοσα
1590 2209 1696 2244 βίϐλοις
1712 2209 1808 2244 πρότε-

1020 2268 1076 2296 ρον,
1091 2260 1139 2286 καὶ
1158 2258 1209 2293 τῆς
1224 2257 1329 2284 τούτων
1351 2256 1502 2290 ἀπογεύσει
1524 2255 1668 2291 ὴδύτητος.
1688 2255 1807 2289 Ἐτρωσέ

980 2323 1001 2351 D
1018 2315 1068 2340 μου
1087 2306 1137 2341 τὴν
1151 2304 1266 2339 καρδίαν
1277 2304 1293 2339 ἡ
1305 2303 1360 2330 τῶν
1370 2303 1509 2351 ῥηθέντων
1528 2303 1634 2351 μνήμη,
1653 2302 1700 2328 καὶ

1017 2355 1056 2385 εἰς
1072 2353 1190 2386 πέλαγος
1205 2351 1269 2379 ἄλλο
1281 2351 1303 2367 ⁵³
1317 2349 1497 2385 διηγημάτων
1511 2349 1696 2383 ἐμπέπτωκα.
1733 2346 1806 2374 Ἀλλά

1021 2408 1054 2435 με
1072 2398 1171 2433 θεσμὸς
1186 2396 1308 2432 ἱστορίας
1328 2396 1466 2430 ἀπείργει*
1482 2395 1558 2422 ἔνθεν
1576 2403 1617 2422 τοι
1632 2394 1763 2429 amt-1:95;
1777 2394 1807 2420 τὰ

1020 2445 1092 2472 κατὰ
1105 2447 1150 2472 τὸν
1173 2443 1274 2471 Ἰταλὸν
1289 2442 1463 2478 ἀνατρεχέτω
1481 2442 1494 2468 ὁ
1509 2441 1596 2475 λόγος.

178 2491 245 2518 mihi
266 2491 405 2526 paulisper
420 2494 562 2525 exspecta,
584 2494 611 2517 et
625 2490 670 2517 ubi
686 2490 749 2523 alia,
773 2491 799 2517 in
820 2491 920 2525 quibus
944 2491 1065 2519 formare
1078 2491 1219 2527 ingenium
1233 2491 1311 2527 prius
1344 2497 1393 2525 par
1414 2493 1466 2522 est,
1488 2489 1556 2516 satis
1568 2488 1670 2523 scripta
1711 2495 1805 2522 cogam

177 2538 225 2571 ris,
242 2537 338 2565 horum
353 2537 452 2565 deinde
470 2537 635 2564 suavitatem
652 2537 823 2572 degustabis.
838 2537 982 2566 Percussit
998 2538 1065 2566 mihi
1101 2546 1150 2566 cor
1183 2539 1283 2566 horum
1319 2536 1452 2565 memoria
1486 2535 1624 2563 dictorqu
1640 2543 1648 2569 ;
1676 2539 1705 2563 et
1732 2541 1797 2571 quas

698 2604 802 2636 Varias
817 2605 971 2637 lectiones
990 2615 1032 2637 ex
1047 2605 1118 2636 cod.
1134 2605 1270 2636 Coislin.

212 2657 234 2674 ’⁸⁷
251 2665 289 2685 τι.
320 2657 343 2674 ⁸³
357 2657 496 2693 ὲνίσχυσε.

543 2657 566 2672 ⁴⁹
579 2656 721 2692 κωλύμην.
759 2657 782 2673 ⁵⁸
799 2657 904 2686 Desunt
921 2666 1002 2686 voces
1014 2658 1064 2694 ήδη
1083 2658 1122 2686 δέ.

1168 2659 1190 2674 ¹¹
1206 2658 1308 2686 δίδωσι,
1350 2658 1373 2674 "
1391 2656 1489 2684 ἄλλων.

722 2727 791 2757 Car.
809 2726 972 2758 Dufresnii
987 2727 1035 2756 Du
1052 2726 1164 2765 Cangii
1180 2727 1276 2756 natm.

214 2775 270 2809 (67)
290 2776 427 2809 ‘luo’ltac.
444 2775 558 2804 .lasitant
576 2777 670 2804 nescio
681 2784 762 2811 quem
780 2777 861 2803 habet
872 2776 964 2803 Theo-

179 2811 335 2846 pliylactus.
367 2812 450 2845 epist.
478 2811 523 2838 55.
563 2811 652 2839 Alium
682 2811 807 2846 ejusdem
833 2811 963 2846 nominis,

180 2845 258 2873 Joan.
275 2845 401 2880 Tzctzes,
420 2846 485 2875 chil.
503 2846 530 2881 5,
547 2854 608 2882 cap.
636 2846 683 2881 l7;
699 2845 810 2875 'Jobutu
837 2845 962 2881 Jasitam,

1018 2776 1222 2847 ξῗξιιέῧξιεε,
1253 2775 1301 2804 lib.
1325 2782 1357 2809 ν,
1386 2781 1448 2810 cap.
1479 2772 1523 2805 Π.
1552 2771 1621 2804 Vide
1646 2771 1745 2808 Notata
1769 2768 1803 2798 ad

1037 2830 1079 2847 .0.
1133 2830 1160 2840 -.

1037 2830 1079 2848 uc-
1096 2830 1160 2840 υν-.
