1867 3046
29 106 85 135 41‘.)

676 105 883 136 ALEXIADIS
904 106 977 135 LIB.
999 105 1050 135 VI.

1619 108 1673 141 450

28 173 77 194 τίς
93 164 224 199 εἷεῄεῖοιν
243 164 405 196 ἀγνοοῦντες
425 164 456 190 τὸ
473 163 682 198 ἀποϐησόμενον
705 163 826 198 ἑκάστῳ.

918 172 927 190 r
939 163 1055 191 deeadas
1070 163 1203 198 digestam
1223 163 1359 192 introduci
1372 163 1462 198 jubet.
1480 164 1554 192 Veile
1565 173 1594 192 se
1608 174 1673 194 cum

29 211 156 241 Τούτους
172 209 223 244 μὲν
235 207 282 236 οὖν
292 209 364 236 οὕτω
381 209 510 244 κατέσχε.
525 210 572 236 καὶ
587 209 636 241 τὰς
649 209 739 236 αὐτῶν
754 217 832 243 περι-

29 254 131 285 ουσίας
166 254 299 288 δημεύσει
333 253 551 287 καθυποδαλὼν,
584 254 739 289 διενείματο
774 254 831 284 τοῖς

30 301 261 334 συγκεκοπακόσι
277 301 298 316 ¹¹
311 300 400 335 τούτῳ
417 301 446 326 ἐν
470 302 530 331 ταῖς
553 300 760 335 συμπεσούσαις
780 300 831 334 μά-

28 356 108 382 χαις,
125 348 244 378 καὶτοῖς
261 347 396 378 κινδύνοις
409 347 546 380 γενναίοις
558 347 675 378 ἐκείνοις
694 355 723 372 στ
730 346 832 381 ραι-ιώ-

28 402 106 425 ταις.
129 392 272 419 mmmam
284 393 338 419 δὲὸ
359 393 408 428 τὴν
421 393 580 428 οἰκονομίαν
600 393 705 427 ταύτην
733 393 828 419 ἀναδε·

30 439 84 473 Eia
91 448 165 472 ενος,
180 439 289 470 καὶτὰς
309 439 399 465 αὐτῶν
422 439 556 472 γυναῖκας
571 439 625 465 τῶν
650 438 745 466 οἰκιῶν
761 439 830 465 ἀπε-

30 485 133 517 λάσας,
150 485 221 512 κατὰ
233 486 283 519 τὴν
297 484 448 520 ἀκρόπολιν
461 485 637 520 ἐμφρούρους
654 481 738 520 εἶχεν.
759 484 830 515 Τοὺς

30 531 59 556 δέ
77 539 110 564 γε
144 530 366 565 κατασχεθέντας
392 530 448 556 τῶν
475 531 636 565 Μανιχαίων
655 529 829 564 συμπαοείας

30 578 104 603 κατὰ
121 577 223 612 μικρὸν
237 578 250 603 ό
267 577 446 613 αὐτοκράτωρ
460 577 577 612 ἠξίωσεν
590 585 596 591 ·
615 577 710 603 ὁπόσοι
731 576 760 602 δὲ
783 576 830 603 καὶ

30 624 78 650 τοῦ
99 624 175 650 Οεὶου
192 624 381 658 βαπτίσματος
396 625 490 658 τυχεῖν
507 623 676 658 προείλοντο,
691 623 751 649 οὐδὲ
768 622 831 649 τού-

30 679 78 697 του
101 671 303 706 ἀπετύγχανον.
318 672 367 698 Διὰ
381 672 513 703 παντοίας
527 671 554 697 δὲ
569 670 720 705 περιελθὼν
729 670 829 701 αὐτοὺς

33 717 162 751 μεθόδου,
183 718 232 743 καὶ
262 717 390 750 διαγνοὺς
415 717 478 748 τοὺς
505 718 609 749 αἰτίους
629 717 679 752 τῆς
700 716 829 751 τοιαύτης

31 763 165 794 ἀπονοίας
182 764 211 790 ὲν
223 765 315 799 νήσοις
332 764 493 798 περιορίσας
512 764 655 799 καθεῖρξε·
672 764 731 794 τοῖς
747 763 775 789 δέ
791 771 821 796 γε

31 809 140 840 λοιποῖς
153 809 247 836 ἄδειαν
259 809 395 843 δεδωκὼς,
405 810 495 836 artat“
503 810 634 845 βουλητὸν
643 810 735 840 αὐτοῖς
748 809 827 835 ἀπιέο

32 864 75 880 ναι
89 854 237 881 ἀπέλυσεν.
253 855 285 882 Οἱ
299 856 327 882 δὲ
341 856 390 890 τὴν
403 855 592 890 ἐνεγκαμένην
605 855 661 891 (78)
674 855 730 881 τῶν
741 855 829 882 ἄλλων

34 900 275 934 προτιμησὰμενοι
307 901 406 927 αὐτίκα
435 901 501 936 πρὸς
523 901 609 936 αὐτὴν
632 900 826 935 ὲπανέτρεχον,

32 943 70 976 ὡς
86 944 147 970 ὲὶιὸν
163 945 199 972 τὰ
213 946 272 972 κατ’
287 946 385 978 αὐτοὺς
398 948 639 983 οὶκονομήσαντες.

881 209 915 236 iis
932 210 971 236 sic
990 210 1023 236 ad
1042 209 1173 243 colloquii
1194 208 1353 236 facilitatem
1372 209 1468 237 divisis
1493 211 1575 237 modo
1590 219 1672 245 agere

881 255 915 282 de
942 255 1056 290 privatis
1076 255 1169 288 rebus,
1184 256 1217 282 de
1233 255 1342 290 publira
1365 256 1508 290 legationis
1531 258 1674 285 accersita:

881 309 964 329 causa
990 301 1088 328 deinde
1113 307 1251 328 acturum.
1280 301 1319 328 Ex
1337 301 1388 328 hoc
1409 301 1520 329 decreto
1545 303 1674 329 admitte-

881 348 982 375 bantur
1000 348 1070 375 intra
1092 347 1207 382 jauuas,
1236 347 1315 383 155
1339 355 1456 382 quorum
1489 356 1521 375 ex
1548 350 1672 383 catalogo

880 394 994 422 nomina
1018 394 1222 426 recitabantur;
1243 394 1392 421 introducti
1413 394 1516 428 paratis
1535 397 1669 421 occurre-

881 440 946 466 bant
969 439 1013 472 qui
1045 447 1094 466 eos
1117 440 1197 474 equis
1223 439 1362 474 armisque
1388 439 1486 467 ablatis
1513 440 1620 467 vinctos
1643 439 1671 467 iu

880 486 1017 513 custodias
1033 485 1200 513 deducerent
1215 485 1316 520 cuique
1329 486 1505 513 constitutas.
1521 484 1670 513 Vocabao-

882 536 926 559 tur
939 540 1000 558 mox
1015 531 1059 558 alii
1076 532 1199 559 omnium
1215 539 1275 566 quae
1295 532 1371 566 prius
1397 532 1529 567 ingressis
1546 533 1672 566 contige-

881 584 942 605 rant
966 586 1084 613 quaeque
1113 578 1168 605 sibi
1193 578 1260 612 ipsis
1288 579 1477 613 impenderent
1500 578 1600 612 ignari.
1621 578 1673 605 Per

880 625 954 652 hunc
970 626 1078 652 modum
1097 625 1185 659 capita
1200 625 1257 659 ipsa
1273 624 1406 651 tumultus
1422 624 1505 659 cepit,
1518 631 1550 650 ex
1563 630 1673 651 eorum-

880 679 933 707 que
951 671 1097 705 publicatis
1121 670 1201 698 bonis
1227 670 1312 697 fortes
1329 676 1356 697 et
1375 669 1469 697 fideles
1497 669 1597 696 milites
1623 669 1671 702 qui

880 721 1052 745 constantem
1069 717 1095 743 in
1112 717 1244 751 periculis
1261 715 1312 750 ipsi
1329 723 1362 743 ac
1383 715 1485 750 praeliis
1501 719 1527 742 et
1549 715 1669 742 laborio-

880 771 937 791 sam
959 768 1090 790 navarant
1105 770 1215 798 operam
1227 766 1420 790 remuneratus
1435 766 1488 788 est.
1501 761 1574 788 Misit
1587 761 1671 788 etiam

880 811 925 845 qui
945 817 1043 837 uxores
1057 810 1228 836 detentorqu
1245 809 1373 836 domibus
1385 809 1528 842 ejiccrcnt,
1541 807 1669 841 bonaque

881 857 974 883 omnia
1003 856 1070 884 flsco
1093 855 1263 882 vindicarent
1280 863 1286 881 :
1303 855 1371 889 ipsis
1397 854 1506 881 interim
1532 854 1584 881 sub
1609 857 1669 879 tuta

881 903 1048 930 munitarum
1061 903 1164 929 arcium
1182 902 1306 929 custodia
1324 908 1417 936 pmnas
1434 901 1551 927 deserta:
1565 898 1670 926 militia:

881 949 1029 980 lueutibus.
1051 949 1152 982 quibus
1177 951 1267 974 tamen
1292 947 1464 982 postmodum
1493 954 1550 974 sua:
1567 950 1672 972 natura:

35 991 183 1027 indulgens
199 1000 323 1026 magnam
340 993 471 1027 paulatim
487 994 592 1021 remisit
603 1001 690 1029 paena:
702 999 823 1029 partem:
845 994 974 1022 admissis
994 995 1076 1021 etiam
1114 994 1147 1021 ad
1185 994 1312 1028 baptismi
1336 995 1452 1027 gratiam
1478 995 1612 1026 quotquot
1636 998 1669 1018 ex

34 1036 102 1070 ipsis
119 1037 152 1062 ad
167 1043 228 1062 eam
245 1037 353 1064 invitati
388 1046 443 1065 non
479 1044 642 1066 renuerunt.
677 1038 812 1067 Oninibus
849 1040 968 1074 denique
989 1047 1056 1067 usus
1078 1040 1184 1067 artibus
1202 1039 1236 1066 ad
1257 1039 1391 1074 liquidum
1408 1038 1582 1073 explorandae
1595 1037 1670 1064 veri-

35 1081 110 1113 tatis,
129 1090 198 1116 quos
220 1083 341 1118 ipsorum
357 1086 490 1120 comperit
511 1086 574 1112 mali
603 1087 710 1113 consilii
736 1087 821 1114 fuisse
841 1092 967 1115 auctores
981 1095 1028 1114 eos
1043 1087 1117 1114 solos
1130 1087 1319 1121 deportatioue
1338 1087 1364 1112 in
1397 1086 1501 1113 insulas
1550 1084 1668 1120 punivit.

33 1128 143 1155 caneris
153 1129 277 1158 dimissis
288 1134 449 1165 potestatem
467 1132 595 1167 fecitquo
626 1133 733 1160 malleu'
769 1133 863 1160 eundi.
886 1133 923 1160 Eo
949 1134 987 1160 illi
1014 1135 1128 1161 arbitrio
1156 1134 1192 1160 ita
1213 1134 1254 1160 ttsi
1271 1138 1336 1160 sunt
1360 1136 1390 1159 ut
1412 1133 1513 1159 nullam
1533 1136 1670 1160 terrarum

34 1181 112 1201 oram
137 1175 335 1210 praeferendam
356 1179 449 1212 patriae
466 1182 607 1212 putarent,
621 1180 654 1206 ad
668 1186 727 1206 eam
744 1186 809 1214 ergo
831 1179 994 1208 festinarent
1010 1180 1131 1208 universi
1165 1188 1214 1208 sua
1231 1180 1288 1208 illic
1309 1188 1360 1215 pro
1376 1188 1406 1208 se
1438 1179 1556 1215 quisque
1588 1187 1669 1207 cura-

37 1222 103 1249 turi.

77 1267 198 1299 Ἐκεῖνος
207 1268 234 1295 δὲ
243 1269 312 1303 πρὸς
322 1269 369 1305 τὴν
382 1270 507 1304 βασιλίδα
517 1265 571 1298 τῶν
581 1272 684 1298 πόλεων
695 1271 829 1298 ἐπάνεισι.

37 1313 94 1340 οὐκ
110 1313 192 1340 ἐλαοε
209 1315 238 1340 δὲ
253 1315 349 1341 τοῦτον
364 1317 398 1342 τὰ
413 1317 474 1343 καῖ’
494 1317 579 1343 αὐτοῦ
607 1318 637 1344 ἐν
657 1317 775 1353 τριόδοις
799 1326 829 1344 τε

36 1360 85 1385 καὶ
113 1359 229 1393 γωνίαις
258 1361 521 1398 ὑποψηῦυριζόμενα
549 1364 584 1390 ⁸³.
616 1364 696 1390 Ἀλλὰ
719 1363 829 1390 ἁκούων

36 1405 221 1440 ἐτιτρώσκετο
235 1407 284 1442 τὴν
301 1408 401 1443 ψυχὴν,
415 1409 456 1435 ὅτι
472 1409 509 1444 μὴ
528 1409 655 1436 τοσοῦτον
671 1409 831 1445 εἰργασμέ-

36 1460 80 1483 νος
96 1453 297 1480 πολλαπλασίω
313 1455 346 1480 τὰ
361 1455 486 1490 στόματα
506 1456 559 1482 τῶν
574 1457 829 1491 συκοφαντούντων,

37 1496 112 1534 εἶχεν
141 1499 235 1535 ἑαυτῷ
266 1501 470 1536 περιχαίνοντα.
507 1502 626 1534 Ἐκεῖνος
651 1503 706 1537 γὰρ
732 1503 829 1538 χρείας

38 1544 273 1580 κατεπειγούσης,
290 1546 337 1571 καὶ
354 1546 488 1581 κοσμικοῦ
513 1547 648 1579 κλύδωνος
666 1547 695 1581 ἐξ
712 1548 829 1584 ἀπορίας

38 1591 91 1617 τῶν
107 1591 260 1626 βασιλικῶν
289 1592 423 1626 ταμείων.
440 1593 510 1628 πρὸς
525 1593 613 1620 ’τοῦτο
633 1593 771 1629 ἀπέϐλεψε
783 1595 831 1621 καὶ

40 1636 76 1668 ὼς
100 1636 211 1663 δάνειον
239 1637 392 1671 ἐλογίζετο.
409 1638 467 1665 ἀλλ’
480 1640 528 1674 οὐχ
544 1639 580 1670 ὡς
602 1640 737 1675 ἅρπαγμα
751 1640 767 1676 ἢ
783 1649 831 1667 τυ-

42 1684 173 1717 ραννικῆς
188 1683 280 1718 χειρὸς
306 1683 467 1719 ἐπιϐουλὴν,
482 1685 520 1716 ὠς
536 1685 560 1712 οἱ
583 1685 829 1722 διαλοιδορούμενοι

40 1728 158 1760 λέξειαν,
182 1728 263 1755 Ἀλλὰ
279 1728 328 1756 καὶ
361 1729 475 1764 γνώμης
491 1730 577 1762 οὕτως
607 1730 680 1766 εἶχεν
704 1732 741 1764 ὡς
761 1734 830 1767 μετὰ

40 1775 68 1801 το
83 1774 260 1810 κατορθῶσαι
274 1775 338 1806 τοὺς
359 1776 552 1811 ἐπικειμένους
571 1776 704 1812 πολέμους
723 1778 830 1805 ἀποδώ-

42 1830 94 1847 σων
106 1823 169 1853 ταῖς
185 1822 345 1855 ἐκκλησίαις
357 1823 403 1848 τὸν
422 1823 600 1859 ἀφῃρημένον
615 1824 718 1859 κόσμον
728 1825 828 1852 αὐτῶν.

42 1868 96 1894 Καὶ
121 1868 174 1894 οὑκ
192 1867 292 1903 ἔφερεν
320 1868 512 1901 ὑπαιιαζεὺξας
537 1869 561 1885 ⁸⁵
579 1871 611 1906 τῇ
641 1870 756 1904 βασιλίδι
777 1871 831 1898 τῶν

44 1913 148 1940 πόλεων
170 1913 299 1940 ὐπόθεσιν
323 1914 449 1949 γίνεσθαι
471 1917 528 1947 τοῖς
562 1915 685 1942 ἐθέλουσι
716 1917 830 1952 διασύρ-
850 1944 861 1950 κ

44 1969 97 1986 νειν
109 1961 132 1976 ⁸⁵
148 1960 182 1986 τὰ
197 1960 314 1988 ἐκείνου.
329 1961 425 1987 Ἔνθεν
441 1970 483 1988 τοι
497 1962 545 1989 καὶ
563 1962 711 1996 ἐκκλησίαν
726 1963 831 1998 κηρύτ-

43 2014 93 2038 τει,
119 2005 170 2033 καὶ
195 2006 334 2042 συνέδριον
357 2007 487 2042 μέγιστον
505 2008 545 2039 εἰς
564 2008 598 2034 τὰ
617 2009 647 2035 ἐν
663 2009 831 2045 Βλαχὲρναις

43 2052 192 2088 ἀνάκτορα,
205 2053 301 2079 ἑαυτὸν
313 2052 414 2080 ἐθέλων
428 2053 537 2088 πρῶτον
550 2054 679 2081 ὑπόδικον
694 2056 832 2091 καταστή-

45 2097 153 2131 σασθαι,
170 2099 218 2124 καὶ
242 2098 314 2125 οὕτω
329 2099 364 2125 τὰ
380 2099 449 2135 ὑπὲρ
473 2099 571 2127 ἑαυτοῦ
594 2101 829 2136 ἀπολογήσασθαι.

44 2143 137 2178 Παρῆν
152 2144 180 2170 δὲ
190 2145 242 2179 ἤδη
262 2145 309 2171 καὶ
322 2145 339 2179 ἡ
353 2145 506 2180 σύγκλητος
518 2146 624 2177 ἆπασα,
642 2148 690 2173 καὶ
704 2148 734 2174 τὸ
749 2156 831 2184 στρα-

918 1271 1112 1298 Bevcrtcntem
1132 1278 1216 1306 porro
1233 1270 1426 1305 imperatorem
1455 1270 1482 1297 in
1507 1271 1602 1297 urbem
1624 1278 1670 1297 re-

882 1318 954 1352 giam
979 1325 1030 1344 nec
1055 1318 1144 1349 latuit,
1169 1325 1218 1344 nec
1241 1324 1336 1351 parum
1366 1317 1517 1343 commovit
1546 1325 1671 1343 nmrmur

882 1363 1027 1390 sinistrum
1044 1363 1115 1390 male
1136 1363 1162 1389 in
1179 1363 1269 1397 ipsum
1290 1363 1404 1389 animati
1421 1363 1494 1397 vulgi
1509 1370 1564 1398 quo
1589 1363 1670 1390 trivia

881 1415 965 1442 atque
990 1409 1153 1443 angiportus
1180 1407 1379 1443 personabant.
1408 1407 1556 1435 Enimvero
1574 1408 1671 1435 urebat

883 1455 1021 1482 hominem
1039 1455 1121 1482 tantis
1137 1454 1219 1480 modo
1241 1454 1370 1489 periculis
1387 1461 1436 1489 pro
1454 1454 1593 1489 republica
1610 1462 1672 1489 pcr-

882 1500 1004 1528 functum
1022 1501 1089 1528 nihil
1111 1505 1151 1527 tot
1173 1500 1330 1534 talibusque
1352 1501 1436 1528 rebus
1455 1501 1539 1535 gestis
1568 1500 1670 1527 lucrari

882 1555 911 1575 se
931 1547 1020 1574 visum
1036 1546 1110 1574 atiud
1123 1546 1175 1574 nisi
1191 1550 1220 1573 ut
1238 1546 1349 1573 illorum
1374 1546 1496 1581 ipsorum
1515 1554 1585 1581 quos
1609 1554 1669 1574 ser-

881 1598 974 1621 vasset
987 1593 1241 1627 ingratissimorum
1259 1593 1361 1620 civium
1377 1597 1453 1620 tanto
1475 1593 1554 1628 plura
1571 1593 1598 1620 in
1611 1592 1670 1626 ejus

881 1639 1077 1666 contumeliam
1100 1645 1132 1664 ac
1156 1638 1360 1673 sugillationem
1384 1646 1431 1664 ora
1453 1642 1589 1672 paterent.
1615 1640 1670 1666 Su-

882 1684 953 1711 Sttrri
982 1683 1187 1710 mussitantium
1215 1683 1243 1709 lii
1267 1683 1454 1710 ferebantur:
1475 1683 1609 1717 spoliatas
1636 1684 1671 1710 ab

881 1730 1052 1764 imperatore
1064 1737 1159 1756 sacras
1183 1728 1255 1755 aedes
1273 1736 1345 1762 quas
1366 1728 1460 1755 ornari
1481 1729 1515 1755 ab
1541 1729 1601 1763 ipso
1622 1737 1671 1756 cu-

883 1775 1037 1810 mularique
1056 1777 1231 1809 oportuerat.
1256 1774 1338 1808 Atqui
1360 1773 1454 1801 fatalis
1478 1774 1599 1808 impulsu
1626 1782 1671 1802 nc-

881 1821 1030 1852 cessitatis,
1049 1820 1082 1846 ad
1098 1819 1400 1854 frangendosimpctus
1417 1820 1584 1847 smvissimos
1603 1827 1671 1854 pro-

864 1892 867 1895 .
881 1866 957 1893 cellae
970 1865 1114 1899 cujusdam
1130 1864 1315 1892 ineluctabilis
1328 1872 1361 1891 ex
1378 1864 1473 1891 mundi
1500 1872 1569 1899 pene
1585 1866 1670 1893 totius

882 1913 910 1940 in
925 1921 1008 1940 unum
1022 1911 1177 1939 Romanum
1201 1918 1301 1938 nomen
1317 1911 1526 1946 conspiratione
1539 1911 1668 1939 coorien~

883 1960 929 1990 tis.
947 1959 1045 1986 ultimo
1060 1958 1219 1992 reipublicae
1232 1958 1356 1992 periculo
1368 1961 1491 1991 vocante,
1509 1958 1536 1985 in
1546 1963 1670 1986 extrema

881 2005 974 2039 inopia
1003 2004 1063 2032 ﬁsci
1090 2004 1124 2032 ad
1152 2004 1227 2032 istud
1257 2004 1382 2031 ultimum
1410 2005 1498 2032 mutui
1527 2012 1541 2031 a
1562 2006 1670 2040 templis

882 2050 1009 2078 sumendi
1037 2050 1188 2077 remedium
1214 2055 1326 2077 ventum
1351 2050 1451 2077 fuerat.
1472 2050 1568 2078 Mutuo
1593 2052 1667 2078 enim

882 2097 1014 2124 duntaxat
1027 2096 1060 2123 ad
1088 2101 1195 2131 tempus
1217 2097 1388 2123 discriminis
1412 2095 1536 2131 urgentis
1560 2096 1605 2122 illa
1624 2104 1670 2123 su-

883 2143 1027 2170 mebantur
1043 2142 1191 2176 aliquando
1215 2149 1278 2169 cum
1298 2149 1382 2169 usura
1409 2141 1590 2174 refundenda,
1614 2149 1668 2169 non

44 2189 152 2222 τιωκδν,
168 2190 217 2216 καὶ
237 2190 298 2216 ὅσον
312 2190 360 2217 τοῦ
384 2191 523 2225 ίερατικοῦ
542 2192 694 2225 καταλόγου
711 2195 827 2229 καραδο-

941 2187 1068 2215 maledici
1090 2187 1296 2220 obtrectabant,
1331 2188 1474 2223 tyrannica
1495 2188 1669 2222 grassationo

46 2234 155 2266 κοῦντες
166 2236 197 2262 τδ
210 2234 237 2261 τί
248 2235 280 2262 ἂν
290 2235 413 2270 βούλοιτο
424 2236 441 2271 ἡ
453 2236 507 2263 τῶν
516 2236 643 2264 ἁπάντων
661 2238 828 2271 συνέλευσις,

46 2279 80 2305 Τὸ
93 2279 121 2306 δὲ
146 2277 181 2315 ἦν
205 2279 260 2315 ἄρα
285 2280 350 2307 ἀλλο
363 2280 449 2314 οὐδὲν,
464 2281 481 2317 ἢ
502 2283 517 2317 ὴ
534 2282 589 2309 τῶν
604 2283 675 2310 κατὰ
690 2283 737 2309 τοῦ
754 2284 834 2319 βασι-

46 2323 110 2356 ὶέως
132 2325 341 2360 θρυλλουμένων
369 2325 524 2361 ἀνάκρισις.
539 2327 672 2363 Παρῆσαν
695 2327 742 2354 οὖν
756 2337 832 2363 τηνι-

47 2371 132 2397 καῦτα
149 2371 173 2397 οἱ
194 2371 249 2397 τῶν
273 2371 354 2406 ιερῶν
371 2373 586 2407 φροντιστηρίων
612 2373 759 2408 κηδεμόνες
783 2375 831 2402 καὶ

46 2423 78 2442 τι
92 2416 181 2450 βιὸλία
195 2415 224 2447 ὲς
242 2415 325 2450 μέσον
342 2416 495 2451 τηνικαῦτα
519 2417 696 2453 προύτίθεντο
714 2419 737 2434 ⁸⁸
756 2419 829 2455 (βρέ-

50 2461 91 2488 τια
115 2462 171 2498 (75)
199 2462 287 2489 ταῦτα
312 2463 329 2498 ὴ
360 2462 489 2498 συνήθεια
513 2460 567 2489 οἶδε
593 2464 708 2500 καλεῖν),
734 2465 763 2491 ὲν
788 2463 829 2497 οἷς

883 2235 1070 2269 rapiebantur.
1086 2235 1126 2261 Ac
1140 2241 1297 2268 quanquam
1317 2234 1369 2261 sibi
1383 2238 1442 2261 erat
1457 2234 1587 2261 conscius
1600 2234 1669 2261 recti

884 2281 1016 2317 propositi
1033 2288 1087 2316 quo
1103 2285 1163 2315 post
1179 2281 1297 2315 primam
1313 2288 1328 2306 a
1342 2281 1420 2308 bellis
1436 2281 1558 2315 requiem
1570 2281 1668 2308 decre-

884 2331 961 2355 verat
985 2332 1147 2354 ornamenta
1175 2334 1225 2354 sua
1262 2327 1372 2360 templis
1395 2325 1520 2358 reddere.
1544 2334 1598 2353 non
1622 2334 1670 2353 nc-

884 2375 970 2409 glexit
996 2378 1087 2400 tamen
1115 2373 1143 2400 in
1168 2380 1290 2408 praesens
1312 2371 1391 2398 famae
1419 2379 1475 2399 suae.
1507 2379 1669 2399 succurrere

886 2419 1033 2452 laboranti,
1056 2423 1083 2447 et
1094 2426 1252 2446 sermonum
1277 2419 1324 2453 qui
1343 2422 1408 2445 tunc
1426 2418 1585 2445 ferebantur
1602 2426 1668 2444 cau-

883 2474 942 2494 sam
954 2467 1046 2501 quoad
1071 2465 1148 2493 licuit
1169 2466 1276 2493 curavit
1293 2465 1399 2493 tollere.
1425 2465 1566 2493 Cenvocat
1587 2465 1669 2500 igitur

574 2531 675 2562 Variae
690 2531 845 2563 lectiones
857 2541 896 2564 ex
913 2532 983 2564 cod.
1006 2533 1142 2564 Coislin.

82 2603 104 2620 “
115 2604 359 2639 συγκεκοπιακόσι.
397 2606 420 2622 ¹¹
436 2606 502 2641 ὅπη.

541 2606 565 2622 ⁸³
579 2606 842 2643 ὑποψιθυριζόμενι.
880 2609 904 2627 ⁸⁸
919 2608 1119 2641 ἐπαναζεῦξας-

1158 2607 1180 2623 ⁸⁸
1195 2607 1345 2643 διασύρειν.
1383 2607 1407 2624 ⁸⁸
1423 2607 1594 2642 προυτίθετο.

560 2676 631 2709 Car.
651 2677 815 2710 Dufresnii
831 2679 881 2709 Du
897 2678 1007 2718 Cangii
1031 2682 1127 2709 notua.

86 2740 140 2779 (id)
162 2740 224 2779 Τὴν
235 2741 450 2779 ἐνεγκαμένην.
466 2741 745 2779 Pliilippopolitanam
762 2751 826 2779 pro-

51 2777 177 2813 VInciam.
195 2777 262 2804 Vide
276 2778 357 2813 infra,
374 2785 434 2813 pag.
449 2778 498 2804 158
511 2782 538 2813 et
553 2778 617 2805 450.

85 2811 140 2847 (ἷῦ)
154 2813 270 2847 Βρέὸια.
293 2811 422 2853 Laudant
434 2812 612 2855 ltllltc_Atttht
625 2814 714 2842 locum
731 2813 826 2852 Cujac.

881 2745 977 2780 adleg.
991 2744 1008 2771 4
1023 2744 1056 2780 de
1068 2745 1252 2773 conveniend.
1278 2745 1336 2772 fisci
1354 2745 1437 2773 debit.
1453 2745 1483 2772 P.
1500 2745 1624 2773 Pithoeus
1639 2744 1666 2772 in

882 2779 972 2807 Gloss.
989 2780 1022 2806 ad
1044 2779 1132 2814 Capit.
1149 2780 1212 2808 Car.
1232 2781 1280 2812 51.,
1304 2780 1451 2814 Meursius,
1470 2780 1619 2808 Gretzerus
1640 2785 1668 2808 et

877 2814 1114 2857 aliiaEstauteiu
1131 2815 1233 2851 Brevia,
1260 2816 1454 2852 inventarium,
1479 2817 1599 2851 rotulus,
1625 2817 1665 2846 vd
