1867 3046
188 115 245 146 455
844 107 957 138 ΛΝΝΑΕ
978 107 997 136 C

1076 105 1168 136 lEN/E
1781 100 1841 131 £515

185 171 311 209 pra’scnti
332 169 466 197 seruitutis
493 167 611 202 periculo
652 166 822 200 eriperemus,
865 172 915 190 non
934 171 998 190 uasa
1017 162 1121 197 quidam
1135 168 1223 193 sacra,
1249 159 1301 186 sed.
1321 159 1449 194 quosdam
1473 162 1582 186 ornalus
1607 162 1632 185 et
1652 156 1836 186 ακεεεὶοηπς

189 203 328 245 sacrarunt
348 222 445 246 rerum,
463 222 562 248 paucas
580 217 604 239 et
618 212 814 246 comparatione
828 209 978 236 relictarum
998 216 1050 234 non
1069 207 1159 242 magni
1178 206 1266 240 pretii,
1288 206 1405 232 mutuati
1428 213 1530 237 sumus,
1556 205 1591 231 ad
1611 205 1733 239 alioquin
1780 203 1842 228 ἰηι-

195 262 302 291 rimbile
319 265 400 288 tanta:
414 260 528 286 miseria:
545 259 686 284 discrimen
712 258 907 283 removendum.
924 254 1009 280 Tanta
1029 254 1056 280 in
1074 253 1121 280 Itoc
1138 253 1209 288 facta
1221 261 1267 288 ego
1278 251 1384 287 quidem
1397 251 1566 278 conscientim
1582 251 1684 285 ﬁducia
1700 252 1782 276 nitor
1809 254 1840 274 ut

190 319 243 337 non
268 308 384 334 dubitent
412 305 531 342 quamvis
557 305 662 339 iniquos
692 307 717 330 et
744 301 873 335 malignos
897 300 975 326 modo
994 307 1046 326 non
1067 299 1147 334 plane
1168 306 1252 326 caecos
1278 297 1394 332 experiri
1404 296 1510 331 judice:
1527 304 1536 323 :
1554 298 1621 323 satis
1653 301 1743 324 cerlus
1774 296 1846 321 nui-

197 355 252 380 lum
270 354 329 380 inde
353 353 458 387 justam
488 358 563 385 posse
592 349 662 375 ira/ti
709 346 890 382 vituperandw
920 344 1163 372 administrationis
1206 348 1304 371 nostrae
1332 344 1473 370 rationem.
1506 342 1569 370 llaec
1596 343 1710 371 loeutus
1762 347 1841 369 mOs

192 401 298 435 dcjccto
314 400 387 426 vocis
403 406 472 425 sono
484 405 561 424 rcum
576 404 605 423 se
621 399 713 422 tamen
747 399 774 421 et
796 400 884 428 paenae
910 392 1059 420 obnoxium
1075 392 1216 419 humiliter
1238 391 1382 427 professus
1404 395 1456 423 est,
1491 398 1553 419 sese
1592 391 1651 426 ipse
1693 391 1846 418 condem-

195 454 278 474 nans.
308 444 372 472 lude
398 451 509 470 rursum
536 442 674 478 explicare
716 440 813 467 Brevia
852 440 981 468 custodes
1002 439 1126 467 illorum'
1144 439 1364 474 jubctinircque
1387 438 1600 466 aestimationem
1620 445 1652 465 ac
1687 445 1843 465 summam

193 493 348 520 aLIaIm'um
367 498 469 517 rerum.
486 489 524 515 Ae
540 489 632 515 statim
661 493 768 515 secreto
806 487 999 521 Antiphonetze
1020 486 1170 514 notabilem
1190 486 1251 514 auri
1284 493 1420 514 summam
1444 485 1471 512 in
1497 492 1584 512 annos
1610 485 1737 520 singulos
1764 493 1845 520 peu-

194 538 313 565 dentiam
329 545 344 562 a
362 535 535 562 curatoribus
548 534 607 561 lisci
631 533 787 561 constituit.
800 532 879 565 Quod
906 537 933 560 et
954 532 982 560 in
1003 533 1077 560 hunc
1088 532 1160 560 diem
1185 537 1319 568 perpetua
1356 532 1410 560 ﬁde
1434 531 1588 567 praestitum
1613 536 1666 559 est.
1714 533 1747 558 In
1784 532 1845 558 isto

193 585 269 612 enim
306 583 407 616 templo
434 582 512 616 prius
538 584 697 607 memorata:
743 579 928 613 impcratricis
958 583 1018 606 erat
1037 578 1160 606 tumulus
1175 586 1208 606 ex
1222 585 1277 613 quo
1291 577 1413 613 aliquem
1428 581 1557 605 ornatum
1571 584 1679 605 erasum
1694 576 1846 604 diximus.

191 628 398 664 Clralcoprateis
414 635 479 654 vero
494 635 614 654 annuum
640 625 755 660 vcet‘gal
771 626 833 652 auri
856 625 1037 653 sulIecturum
1054 626 1086 653 ad
1102 625 1216 653 alendos
1233 633 1281 653 eos
1317 632 1415 653 omnes
1448 623 1495 660 qui
1536 624 1564 650 in
1590 623 1641 651 ista
1663 623 1712 650 Dei
1752 622 1848 650 Geui-

195 677 271 704 tricis
291 683 368 702 sacra
397 674 454 700 aude
469 673 576 700 divinas
592 672 686 699 laudes
701 672 840 699 celebrare
859 672 980 706 quotidie
999 672 1100 704 solent,
1120 679 1153 699 ex
1167 671 1265 699 aerario
1280 671 1355 707 regio
1372 671 1541 706 suppeditari
1554 670 1646 704 jussit.

231 722 288 748 Sub
313 721 384 756 idem
411 719 468 746 fere
492 723 602 753 tempus
636 719 743 746 detecta
769 719 926 754 coniuratio
957 719 984 745 in
1003 722 1028 750 Α

190 769 385 802 imperatorem
413 771 465 793 est.
491 765 696 792 Conscnserant
718 766 744 792 in
770 773 830 793 eam
856 764 987 801 pt'arcipui

194 814 296 848 quique
311 816 453 839 senatores
470 819 501 838 ac
524 811 620 844 duces,
647 811 806 846 tribunique
827 811 988 844 exercitus;

193 866 245 886 nec
274 857 399 885 obscuris
425 861 471 883 aut
499 856 696 884 dubitabilibus
723 856 833 883 indiciis
854 857 985 891 vestigata

194 913 251 937 res,
265 904 310 932 scd
329 903 456 937 producti
475 907 651 930 accusatores
663 903 732 930 certi
750 911 847 930 omnes
868 903 902 929 ad
921 910 990 937 quos

195 949 447 985 quomodocunque
485 949 616 983 contagio
651 949 761 984 cogitati
800 948 912 976 sceleris
943 951 990 974 aut

194 996 364 1023 conscientia
390 994 565 1030 pervenisset
593 995 658 1027 ulla,
683 995 795 1022 invictis
822 993 992 1030 argumentis

192 1042 338 1069 convictos
356 1041 437 1067 fateri
453 1040 557 1067 crimen
582 1045 744 1075 coegerunt.
760 1040 816 1068 Nec
834 1044 925 1067 tatnen
939 1039 992 1066 im-

196 1091 307 1122 perator
337 1087 424 1121 inlligi
451 1093 547 1121 poenas
564 1086 599 1113 iis
613 1094 682 1120 quas
704 1087 886 1122 praescribunt
904 1087 990 1121 leges,

195 1142 245 1169 pro
264 1141 314 1161 sua
333 1132 492 1164 clementia.
512 1140 612 1167 passus
627 1133 890 1168 est;.publicationc
910 1133 992 1160 modo

195 1180 332 1206 bonorum
347 1181 374 1205 et
390 1177 489 1204 exsilio
506 1177 728 1205 anituadvertere
744 1178 771 1204 in
785 1181 914 1205 auctores
926 1185 990 1204 con-

195 1229 304 1252 tentus.
329 1223 380 1250 llic
402 1223 463 1249 linis
488 1223 700 1257 conspirationis
722 1224 803 1251 istius
827 1223 887 1250 fuit.
913 1223 992 1251 Nunc

197 1271 231 1297 ad
243 1269 422 1302 Maniclrmos,
439 1268 472 1295 tle
485 1269 587 1303 quibus
598 1276 687 1304 nuper
701 1268 820 1304 egimus,
838 1268 992 1296 revocanda

197 1315 322 1343 narratio
337 1320 390 1342 est.
403 1314 520 1347 Quando
543 1314 656 1342 Alexius
673 1315 701 1341 in
728 1315 820 1349 magni
848 1313 993 1342 domestici

196 1363 357 1398 dignitatem
385 1364 496 1388 evectus
528 1364 570 1387 est
608 1359 813 1394 a-Nicephoro
850 1359 993 1386 Botaniate

198 1410 313 1436 Blaasum
328 1408 475 1443 quemdam
498 1406 676 1434 Manicheum
700 1407 728 1434 in
748 1407 924 1434 familiarium
942 1405 992 1433 mi-
1006 1393 1031 1424 Β

196 1455 350 1482 uistrorum
372 1460 517 1480 numerum
547 1452 657 1484 ascivit,
676 1460 757 1487 quem
782 1456 810 1479 et
836 1459 916 1480 sacro
941 1452 991 1479 ba—

197 1502 325 1536 ptismate
343 1500 481 1535 (lignatum
501 1499 546 1526 uni
574 1506 607 1526 ex
629 1498 815 1534 impcratricis
835 1499 993 1526 famulabus

199 1546 375 1573 matrimonio
400 1545 548 1580 copulavit.
574 1545 604 1571 Ei
624 1544 683 1572 viro
709 1548 829 1580 quatuor
850 1544 877 1571 in
904 1543 992 1579 patria

199 1600 309 1620 sorores
326 1595 417 1623 erant,
432 1598 501 1625 quas
519 1591 568 1623 illi,
592 1591 626 1618 de
652 1598 705 1624 qua
732 1590 815 1626 paulo
836 1594 900 1618 ante
920 1590 994 1619 dixi-

199 1646 279 1670 mus,
309 1637 522 1664 Mauiclracorum
552 1636 703 1664 calamitati
739 1636 889 1671 implicitas
928 1644 991 1664 cum

199 1684 309 1711 caeteris
325 1684 353 1710 iu
378 1683 519 1710 custodias
548 1683 646 1709 abduci
664 1683 743 1709 bonis
768 1683 897 1711 omnibus
926 1691 993 1718 spo-

198 1730 280 1757 liatas
311 1737 440 1761 cernens,
473 1729 606 1762 majorem
637 1733 793 1756 commotus
823 1729 848 1756 in
879 1729 992 1756 modum

200 1778 252 1807 est,
270 1774 413 1809 majusque
441 1774 467 1801 id
484 1774 586 1801 malum
615 1782 676 1802 esse
692 1782 772 1809 qttatn
790 1779 820 1802 ut
842 1775 907 1802 ferri
929 1783 993 1810 pos—

200 1824 254 1852 set.
283 1821 389 1847 statuit.
415 1819 666 1855 Circutuspicicbat
693 1821 778 1856 igitur
817 1822 992 1849 occasionem

201 1866 326 1893 elabendi
343 1874 357 1893 e
375 1867 504 1893 manibus
523 1866 708 1901 imperatoris.
738 1866 794 1894 Nec
813 1867 910 1894 fefellit
933 1867 992 1902 ejus

202 1912 345 1946 conjugcm
367 1911 441 1938 'naud
459 1911 552 1938 dubiis
566 1912 735 1946 deprehensa
755 1912 841 1947 signis
863 1913 993 1947 cogitatio

203 1957 357 1991 transfugii.
370 1958 434 1984 Adit
453 1965 515 1985 eum
533 1957 577 1984 cui
593 1964 639 1990 per
657 1957 682 1984 id
701 1963 807 1992 tempus
824 1957 905 1993 158
918 1965 993 1985 corn-

201 2004 285 2031 missa
309 2003 473 2039 gubernatio
500 2003 715 2030 Manichaeorum
739 2007 809 2035 erat,
836 2003 930 2038 illique
960 2004 993 2031 de

202 2051 262 2077 viro
286 2058 337 2077 suo
362 2057 423 2084 quae
442 2054 523 2076 norat
550 2049 669 2084 aperuit.
698 2049 791 2076 Sensit
812 2049 916 2078 Balbus
935 2058 991 2078 rem

203 2096 352 2131 proditam,
371 2102 461 2129 eaque
477 2094 670 2121 maturandum
695 2101 773 2123 ratus
790 2096 920 2123 omnibus
932 2098 995 2131 qui-

203 2143 318 2170 buscum
335 2141 451 2169 consilia
479 2141 644 2172 contulerat,
667 2142 773 2177 quique
795 2141 835 2168 illi
865 2142 907 2169 vel
929 2150 996 2170 cott-

204 2190 388 2225 sanguinitate
407 2189 449 2216 vel
463 2189 515 2215 alia
530 2190 737 2216 necessitudine
757 2190 848 2225 juncti
866 2195 947 2218 erant
961 2191 995 2218 ad

204 2244 233 2264 se
251 2236 347 2271 raptim
357 2236 516 2263 convocatis
527 2243 589 2263 cum
604 2236 638 2263 iis
652 2237 771 2271 erumpit
784 2241 811 2264 et
825 2237 995 2265 Beliatobam

203 2286 331 2317 Occupat.
354 2281 519 2316 Oppidulum
543 2282 570 2308 itl
596 2287 638 2309 est
661 2283 715 2310 alto
740 2287 767 2310 et
794 2283 900 2310 munito
926 2283 994 2316 situ,

205 2329 305 2364 quippe
319 2328 477 2363 impositum
495 2328 596 2356 montis
613 2329 720 2361 vertici,
737 2333 764 2356 et
784 2329 811 2356 in
838 2330 992 2358 convallem

205 2375 266 2402 loco
287 2373 436 2409 subjectam
462 2374 620 2401 imminens.
644 2373 811 2402 Invenerunt
841 2384 889 2404 eas
914 2376 995 2405 sedes

205 2421 303 2448 incolis
317 2428 430 2453 vacuas,
447 2428 537 2456 eoque
554 2426 684 2455 tauquam
708 2422 834 2457 proprias
857 2430 996 2458 occupan-

205 2471 258 2501 tes,
278 2467 395 2502 indeque
419 2466 588 2502 quotidianis
608 2468 824 2496 excursionibus
846 2469 907 2496 loca
931 2470 993 2497 lini-

1007 2073 1030 2102 ϐ

1084 720 1130 746 Ἐν
1152 719 1256 751 τούτοις
1273 718 1405 753 ὲπιόουλὴ
1431 718 1464 745 ἂν
1486 718 1572 754 ὲφάνη
1582 719 1604 734 ³⁷
1619 718 1675 754 (79)
1691 718 1771 746 κατὰ
1794 717 1848 745 τοῦ

1040 766 1253 801 αὐτοκράτορος,
1281 765 1457 802 μελετωμένη
1476 765 1551 801 παρά
1572 774 1602 792 τε
1620 765 1674 791 τῶν
1689 765 1745 800 τῆς
1771 774 1847 798 συγ-

1040 812 1142 848 κλήτου
1157 812 1291 847 λογάδων,
1309 811 1425 838 καὶτῶν
1444 811 1492 838 τοῦ
1513 811 1629 845 στρατοῦ
1653 811 1826 846 κορυφαίων
1839 819 1845 826 ·

1040 860 1088 886 καὶ
1104 858 1254 894 διεμηνύθη
1280 858 1432 893 τηνικαῦτα
1449 857 1490 892 τῷ
1515 857 1709 892 αὐτοκράτορι.
1733 858 1795 883 Καὶ
1821 858 1846 882 cl

1043 903 1391 941 κατήγοροιπαρὲστησαν,
1406 904 1454 931 καὶ
1462 904 1525 936 τοὺς
1542 904 1704 938 συνίστορας
1716 904 1771 939 τῆς
1785 912 1847 930 τοι·

1042 951 1127 987 αύτης
1154 950 1253 986 βουλῆς
1271 950 1429 986 ἐξήλεγχον.
1455 949 1585 985 Ἐκδήλου
1599 949 1627 976 δὲ
1647 949 1696 985 τῆς
1719 949 1848 984 μελέτης

1042 998 1092 1033 1ἤδη
1106 996 1262 1032 γεγονυίας,
1276 997 1324 1024 καὶ
1338 997 1388 1032 τῆς
1404 996 1459 1024 ἀπὸ
1470 996 1547 1032 τοῦεπ
1565 995 1651 1031 δόμων
1668 996 1766 1031 ποινῆς
1779 996 1848 1022 κατ’

1042 1045 1132 1072 αὐτῶν
1151 1043 1262 1080 βαρείας
1278 1043 1468 1079 ἐπερχομένης
1479 1063 1486 1076 ,
1508 1043 1522 1070 ὁ
1536 1043 1716 1078 αὐτοκράτωρ
1740 1042 1846 1076 ποινὴν

1045 1091 1094 1127 μὲν
1107 1089 1234 1126 οὐδαμῶς
1242 1090 1400 1123 ἐπενεγκεῖν
1413 1089 1506 1122 αὐτοῖς
1518 1089 1720 1124 προτεθύμητο,
1732 1088 1845 1123 δήμευ-

1044 1146 1086 1164 σιν
1102 1137 1130 1164 δὲ
1149 1137 1231 1173 μόνον
1254 1137 1302 1164 καὶ
1315 1135 1495 1172 περιορισμὸν
1510 1135 1582 1163 κατὰ
1595 1135 1649 1162 τῶν
1661 1134 1844 1170 πρωταιτίων

1043 1183 1215 1218 ἀπεφήνατο,
1231 1183 1279 1210 καὶ
1298 1183 1380 1218 μέχρι
1394 1183 1491 1209 τούτου
1504 1183 1554 1218 τὴν
1567 1183 1615 1218 τῆς
1628 1182 1761 1216 τοιαύτης
1779 1182 1845 1207 ἑπι-

1044 1229 1143 1263 σουλῆς
1156 1228 1330 1261 ὲπεξέλευσιν
1344 1228 1469 1264 ἔστησεν.
1492 1228 1573 1255 Ἀλλὰ
1586 1228 1640 1264 γὰρ
1652 1228 1666 1254 ὀ
1678 1228 1760 1262 λόγος
1775 1228 1845 1254 ἁνα‹

1043 1276 1165 1311 τρεχὲτω
1180 1275 1242 1301 ὅθεν
1252 1275 1276 1291 θ’
1295 1274 1434 1311 ἀπερρύη.
1458 1274 1595 1309 Ὃπηνικα
1616 1274 1631 1300 ό
1655 1274 1845 1310 αὐτοκράτωρ

1045 1323 1085 1353 εἰς
1103 1321 1154 1357 τὴν
1178 1320 1225 1347 τοῦ
1247 1320 1445 1356 δομεστικάτου
1465 1319 1520 1356 (80)
1545 1320 1626 1352 ἀξίαν
1651 1319 1729 1355 παρὰ
1752 1320 1844 1354 Νικη-

1046 1367 1130 1403 φόρου
1158 1365 1205 1393 τοῦ
1231 1365 1412 1393 Βοτανειάτου
1442 1365 1597 1401 ἀνηνέχθη,
1624 1365 1744 1400 τραυλόν
1780 1375 1843 1392 τινα

1044 1413 1197 1448 Μανιχαίον
1215 1411 1438 1447 προσλαξόμενος
1461 1413 1531 1447 μετὰ
1546 1413 1599 1438 τῶν
1619 1413 1741 1448 γνησῑων
1754 1412 1840 1440 αὐτοῦ

1045 1457 1220 1493 θεραπόντων
1242 1455 1441 1491 συγκατέλεξε,
1456 1456 1503 1484 καὶ
1519 1457 1566 1483 τοῦ
1589 1457 1662 1484 θείου
1679 1457 1841 1492 βαπτίσμα-

1044 1511 1091 1534 τος
1113 1503 1244 1536 ἀξιώσας,
1266 1503 1316 1538 μιᾷ
1339 1502 1394 1529 τῶν
1416 1502 1467 1537 τῆς
1485 1502 1620 1537 βασιλίδος
1637 1503 1843 1538 θεραπαινίδων

1046 1548 1217 1582 συνέζευξεν.
1237 1545 1324 1580 Οὗτος
1338 1547 1386 1576 οὖν
1408 1548 1548 1584 τέσσαρας
1567 1548 1687 1582 ἀδελφὰς
1706 1549 1791 1584 ἔχων,
1807 1549 1843 1580 ὡς

1047 1595 1150 1627 ταύτας
1170 1595 1348 1631 ἐμφρούρους
1364 1595 1433 1630 μετὰ
1449 1595 1502 1621 τῶν
1520 1594 1620 1622 λοιπῶν
1635 1595 1695 1622 τότε
1716 1604 1841 1621 συναπα-

1047 1642 1158 1677 χοείσας
1183 1642 1331 1674 ἐθεάσατο,
1359 1641 1394 1668 τά
1422 1650 1452 1668 τε
1476 1641 1613 1677 προσόντα
1642 1641 1843 1677 ἀφαιρεθείσας

1047 1690 1164 1721 ἅπαντα,
1188 1689 1288 1725 ἤχθετο
1302 1687 1349 1714 καὶ
1367 1687 1461 1723 φέρειν
1476 1688 1527 1715 οὐκ
1543 1686 1628 1724 εἶχεν,
1647 1688 1716 1715 ἀλλὰ
1734 1688 1842 1715 διεσκο-

1048 1736 1124 1761 πεῖτο
1153 1734 1228 1766 ὅπως
1255 1733 1351 1760 ἑαυτὸν
1375 1733 1427 1768 τῆς
1445 1733 1492 1760 τοῦ
1519 1733 1733 1770 αὐτοκράτορος,
1751 1734 1842 1770 χειρὸς

1047 1779 1239 1811 ἀπαλλάξειεν.
1260 1779 1304 1806 Ἑν
1321 1780 1422 1814 γνώσει
1445 1779 1474 1806 δὲ
1491 1779 1596 1806 τούτων
1619 1781 1636 1815 ἠ
1654 1780 1740 1806 αὑτοῦ
1761 1781 1841 1815 όμευ-

1047 1825 1119 1857 νέτις
1146 1825 1196 1861 ’ήδη
1229 1827 1376 1861 γεγονυῖα,
1406 1826 1454 1853 καὶ¹
1483 1826 1717 1861 ἀποδιδράσκοντα
1746 1826 1840 1853 τοῦτον

1047 1872 1139 1908 ὁρῶσαι
1154 1872 1231 1906 δηλοῖ
1255 1872 1294 1907 τῷ
1307 1871 1460 1907 τηνικαῦτα
1474 1873 1523 1908 τὴν
1537 1873 1695 1907 οἰκονομίαν
1712 1874 1768 1900 τῶν
1786 1873 1840 1900 M1-

1047 1919 1161 1954 Vtxaiwv
1194 1919 1455 1954 ἐμπεπιστευμένῳ.
1487 1920 1524 1945 υὺ
1550 1919 1656 1946 διέλαθε
1685 1920 1770 1947 τοῦτο
1797 1921 1839 1946 τὶν

1047 1965 1163 2000 τραυλὸν
1175 1965 1222 1991 καὶ
1236 1965 1389 2000 τηνικαῦτα
1400 1967 1510 1997 ὁπόσοις
1522 1966 1625 2000 φθάσαι
1641 1967 1670 1993 τὸ
1684 1967 1841 2003 ἀπόρρητον

1047 2009 1212 2045 ἀνεκάλυψε,
1227 2010 1295 2045 πρὸς
1311 2011 1393 2038 αὑτὸν
1409 2012 1530 2047 ἑσπέρας
1546 2012 1772 2047 μεταπέμπεται.
1790 2014 1840 2040 Καὶ

1048 2056 1142 2084 ὁπόσοι
1162 2057 1191 2083 δὲ
1206 2057 1238 2083 ὲκ
1253 2057 1417 2091 συγγενείας
1430 2056 1501 2094 ἦσαν
1517 2059 1592 2093 αὐτῷ
1611 2061 1801 2095 προσήκοντες
1817 2061 1840 2090 ἐς

1046 2102 1128 2129 αὐτὸν
1146 2101 1360 2136 συνεληλυθότες
1384 2103 1630 2138 καταλαμϐάνουσι
1646 2105 1696 2140 τὴν
1715 2106 1837 2131 Βελιάτο-

1046 2147 1113 2174 δαν·
1127 2147 1264 2182 πολίχνιον
1275 2147 1304 2173 δὲ
1319 2147 1398 2174 τοῦτο
1412 2148 1585 2184 διακείμενον
1598 2149 1670 2176 κατὰ
1689 2150 1742 2186 τὴν
1760 2152 1838 2186 ἀκρο-

1044 2193 1142 2227 λοφιαν
1163 2193 1210 2219 τοῦ
1233 2194 1306 2221 κατὰ
1323 2195 1438 2230 ταυτηνὶ
1451 2195 1500 2230 τὴν
1516 2195 1682 2223 Βελιάτοὸαν
1708 2197 1837 2232 τέμπους,

1047 2239 1156 2265 ’Άοικον
1173 2238 1201 2265 δὲ
1217 2239 1296 2266 τοῦτο
1312 2240 1509 2275 ὲφευρηκότες.
1521 2241 1617 2276 ὥσπερ
1635 2241 1703 2268 ἴδιόν
1719 2251 1746 2269 τι
1764 2243 1839 2278 λάχος

1045 2285 1232 2321 λογισάμενοι,
1248 2286 1277 2312 ὲν
1299 2286 1375 2322 αὐτῷ
1391 2287 1439 2319 τὰς
1462 2288 1585 2323 οἰκήσεις
1600 2289 1760 2316 ἐποιοῦντο.
1777 2288 1838 2317 Εἶτα

1047 2332 1097 2364 τὰς
1115 2332 1176 2359 καθ’
1191 2331 1311 2368 ἑκάστην
1324 2333 1431 2361 ἐκεῖθεν
1447 2334 1585 2370 ἐκδρομὰς
1601 2336 1777 2373 ποιούμενοι,
1798 2336 1838 2364 καὶ

1051 2379 1131 2415 μέχρι
1141 2379 1192 2414 τῆς
1205 2379 1339 2415 σφετέρας
1351 2380 1500 2415 φθάνοντες
1510 2382 1616 2414 πόλεως
1625 2383 1766 2411 Φιλιππου
1778 2384 1837 2420 (Si).

1050 2425 1126 2452 λείαν
1143 2425 1244 2461 πολλὴν
1270 2426 1547 2462 ἀναλαμϐανόμενοιι
1571 2429 1790 2465 ὲπανέστρεφον.
1814 2430 1837 2455 '0

1048 2471 1077 2498 δὲ
1092 2471 1206 2507 τραυλδς
1221 2472 1327 2504 τούτοις
1341 2473 1378 2509 μὴ
1393 2473 1564 2510 ἀρκούμενος
1577 2475 1697 2509 σπονδὰς
1710 2478 1781 2512 μετὰ
1791 2476 1837 2504 τῶν

728 2525 830 2556 Variae
849 2525 1005 2558 lectiOnes
1022 2537 1061 2559 ex
1078 2528 1152 2560 cod.
1176 2527 1315 2559 Coisliu.

450 2575 473 2591 ⁹⁹
484 2575 549 2602 τῶν.
586 2575 608 2590 "
625 2571 702 2606 αὖθις
720 2574 794 2602 ὅθεν.

238 2576 262 2593 ’⁷
277 2575 411 2612 ἀνεφάνη.

834 2577 843 2592 ¹
858 2577 1074 2614 ἀναλαϐόμενσι.

723 2623 795 2653 Car.
814 2623 981 2655 Dufresnii
994 2626 1046 2657 Du
1065 2624 1177 2664 Cangii
1195 2629 1289 2657 notos.

240 2673 296 2707 ('19)
333 2673 436 2707 Βουλὴ
477 2673 632 2708 ἀκεράνει.
665 2673 766 2702 Confer
798 2674 935 2703 Zonaram
969 2676 997 2704 in

200 2711 313 2781 Mati:-
332 2743 563 2778 Δομεστικάτου.
594 2743 719 2782 Qignitas
744 2744 902 2782 domestici,
935 2753 997 2782 qua:

202 2779 256 2807 vui:
275 2781 402 2814 occurrit
416 2786 524 2805 rursum
541 2779 614 2814 apud
628 2783 734 2807 Annam
753 2788 815 2814 pag.
829 2781 879 2808 168
893 2779 994 2810 elabi.

200 2815 230 2843 lu
242 2814 356 2844 Novella
369 2813 509 2842 Tlteodos.
520 2814 554 2842 de
561 2813 738 2859 scitatur-ibus
750 2813 993 2858 aliudpatlsattrotr.
1002 2858 1013 2862 ἦ

1051 2677 1171 2739 :anaSn.
1188 2681 1278 2713 apost.
1311 2681 1338 2705 et
1363 2677 1480 2715 Grcgor.
1500 2680 1617 2710 'Turou.
1644 2683 1695 2710 lib.
1725 2691 1743 2710 Il
1762 2684 1831 2714 llisl..

1187 2747 1243 2783 (8|)
1259 2749 1425 2786 «ﬁtdt’mrou.
1444 2750 1526 2786 ῌόλις
1552 2752 1699 2786 Φιλίππου,
1727 2762 1779 2782 non
1799 2760 1832 2782 est

1049 2781 1239 2826 Ijltilrrp'poruui
1265 2784 1343 2826 urbs,
1370 2785 1417 2812 sed
1432 2781 1657 2826 “Philippopolis,
1679 2781 1831 2826 cujuscun-

1054 2818 1119 2846 ﬁala
1135 2818 1293 2847 incolebant
1313 2827 1346 2848 eo
1360 2827 1418 2848 aevo
1431 2818 1594 2850 Pauliéiani.
