1867 3046
38 145 75 177 521

37 246 119 279 siqu;
135 243 178 270 καὶ
199 234 399 276 φιλοκινδύνως
423 242 489 268 ὡσεὶ
514 241 688 276 τριακοσίους
715 240 785 266 κατὰ

35 292 71 316 τοῦ
85 289 242 324 Ποιμανηνοῦ
256 289 313 324 (70)
329 287 529 320 ἐξαπέστειλεν.
542 287 574 313 Οἳ
590 286 635 312 καὶ
651 286 679 319 ἐξ
692 286 786 320 ἐφόδου

36 336 97 362 τοῦτο
110 335 244 369 κατέσχον,
257 334 305 361 καὶ
319 335 383 365 τοὺς
399 334 449 368 μὲν
462 333 517 359 τῶν
537 333 612 363 ἐντὸς
628 332 725 358 τούτου
738 331 787 357 αὖ-

35 381 71 406 τιῦ
94 389 138 406 που
160 379 303 411 κτείνουσι,
322 380 385 409 τοὺς
404 377 432 403 δὲ
449 378 496 404 καὶ
519 377 639 411 ζωγρίαν
658 376 727 410 πρὸς
744 375 789 401 τὸν

37 425 105 452 Ὠπον
118 425 295 459 πεπόμφασιν.
321 425 350 449 Ὀ
367 424 394 450 δὲ
414 423 509 449 θᾶττον
524 423 634 453 τούτους
659 421 726 456 πρὸς
746 421 791 446 τὸν

36 471 128 505 βασιλέα
142 470 327 504 ὲκπέπομφεν·
345 469 427 500 αὐτὸς
442 469 470 495 δὲ
487 468 591 495 ἐκεῖθεν
604 469 724 502 ἀπάρας,
742 467 791 501 τὴν

40 516 213 542 ’Δπολλωνιὰδα
225 515 441 547 καταλαμϐάνει,
454 514 502 540 καὶ
518 513 669 547 πολιορκῶν
689 513 791 548 ταύτην

35 561 74 586 οἰκ
101 560 220 587 ἐνεδίδου.
242 560 271 586 '0
282 560 310 585 δὲ
331 559 461 594 Ἐλχὰνης
477 559 638 594 ἀποχρῶσαν
654 559 702 584 ἀπ’
730 558 792 593 ἄρτι

35 606 88 638 πρὸς
96 605 168 630 αὑτὸν
181 604 218 639 μὴ
230 604 298 638 ἔχων
309 604 434 639 δύναμιν,
443 605 493 639 τὴν
505 605 553 639 μὲν
566 604 641 630 πόλιν
652 603 793 636 ἐθελοντὴς

35 649 205 683 παραδίδωσιν,
224 649 304 681 αὐτὸς
316 649 344 676 δὲ
362 650 430 684 μετὰ
447 649 500 675 τῶν
522 649 582 676 καθ’
596 646 665 684 αἷμα
688 657 796 682 προση⁴

34 696 118 721 ito-nm
131 695 276 730 αὐτομολεῖ
291 695 360 731 πρὸς
376 694 543 730 τὸνβασιλέα
557 694 604 721 καὶ
617 694 720 728 μυρίων
745 693 795 727 μὲν

34 740 180 766 ἐπαπολαύει
197 740 305 774 δωρεῶν
317 748 323 754 ·
341 740 469 774 τυγχάνει
484 740 510 766 δὲ
528 739 632 765 καὶτοῦ
654 739 794 772 μεγίστου,

34 786 70 811 τοῦ
83 786 153 819 ἁγίου
166 787 238 820 φημὶ
259 786 433 821 φωτίσματος
448 786 482 812 ".
502 785 611 812 Ὁπόσοι
634 785 663 811 δὲ
683 785 796 820 συνέψε-

34 831 83 857 σῡιι
95 831 130 866 τῷ
141 833 217 866 Ὢπῳ
233 832 282 858 οὐκ
305 832 411 866 ἤθελον,
434 832 448 858 ὅ
463 839 492 858 τε
508 831 669 866 Σκαλιάριος
684 832 706 847 ’³
722 832 768 858 καὶ
782 833 796 858 ὁ

630 140 837 171 ALEXIADIS
852 138 924 168 LIB.
947 138 997 167 VI.
1351 168 1353 170 τ

40 200 119 226 Διελὼν
134 198 158 224 δὲ
171 197 218 224 καὶ
231 197 284 224 τῶν
302 197 374 223 ἰδίων
389 196 536 231 ταγμάτων
553 195 652 229 ἄνδρας
667 203 784 229 τειχεσι-
798 196 815 224 Α

872 201 894 220 ηιι
909 192 942 219 ad
960 190 1046 218 cladis
1069 189 1147 216 istius
1172 188 1301 215 ultionem
1325 186 1454 214 destinat.
1485 185 1575 220 Pergit
1594 186 1616 211 is

1567 126 1619 158 522

839 242 959 266 actutum
973 244 1020 272 per
1037 235 1221 263 continentem
1247 237 1274 261 et
1299 232 1398 268 Cyzico
1423 235 1503 266 capta
1529 231 1618 258 obiter

838 283 1020 319 praesidioque
1047 281 1163 312 ﬁrmata,
1193 282 1329 307 trecentos
1357 277 1443 304 fortes
1472 280 1499 303 et
1531 282 1619 309 oppu-

839 329 955 365 gnandis
985 328 1094 355 arcibus
1123 326 1296 358 exercitatos,
1326 332 1340 351 a
1371 323 1480 357 caeteris
1507 322 1618 348 avulsos

840 376 939 409 copiis,
970 378 1068 401 contra
1089 373 1284 400 Ptnmanenum
1319 369 1415 397 misit:
1441 369 1486 404 qui
1512 373 1540 395 et
1565 367 1617 401 ipsi

840 424 975 448 navarunt
994 427 1102 454 operam
1115 423 1141 445 et
1156 417 1229 445 istud
1250 423 1362 451 quoque
1383 419 1506 441 castrum
1532 413 1619 447 prima

842 467 901 502 ipsa
922 466 1079 494 incursione
1090 467 1232 498 ceperunt,
1249 463 1283 490 iis
1293 462 1340 496 qui
1366 461 1442 487 intus
1467 463 1545 486 erant
1559 465 1622 492 par-

842 513 891 540 tim
910 512 1021 543 occisis,
1038 511 1135 545 partim
1156 510 1183 536 in
1205 508 1362 536 servitutem
1392 504 1543 539 subjugatis
1561 503 1622 536 jure

843 558 917 589 belli,
935 564 1004 592 quos
1027 561 1055 583 et
1080 555 1112 581 ad
1131 555 1217 589 Opum
1241 553 1396 584 miserunt;
1423 551 1468 577 ille
1479 550 1570 577 statim
1587 548 1622 574 ad

844 602 1037 636 imperatorem
1057 600 1163 627 curavit
1194 597 1345 626 ducendos.
1373 596 1443 623 Hinc
1465 596 1522 630 jam
1548 594 1623 628 Opus

846 652 918 675 recta
936 647 1011 674 ducit
1024 647 1057 674 ad
1069 644 1274 680 Apolloniadem
1303 643 1447 677 validaque
1480 647 1623 675 oppugna-

847 694 919 721 tione
935 694 991 721 cito
1008 693 1144 728 expressit
1160 692 1305 722 Helchana:
1322 689 1523 717 confessionem
1547 686 1624 713 infir-

846 739 949 767 mitatis
979 746 1046 766 sum.
1073 737 1098 764 ls
1131 736 1294 764 necessitate
1320 737 1347 762 in
1373 733 1518 761 consilium
1545 738 1624 759 versa

847 787 924 813 urbis
942 786 1014 812 ultro
1034 788 1116 819 atque
1131 783 1204 810 arcis
1218 783 1283 817 quiti
1299 781 1379 809 etiam
1391 785 1435 808 oet
1449 779 1493 806 sui
1515 785 1625 813 quoque

848 832 1015 860 deditionem
1039 831 1125 863 facit;
1150 836 1213 856 nam
1237 827 1449 861 consanguineis
1474 832 1566 853 secum
1582 831 1626 850 as-

32 878 56 903 ὲν
86 878 201 913 ὑστέροις
231 878 508 913 ’Υπερπερίλαμπρος
535 878 671 912 τιμηθείς.
708 868 815 912 Ἀρχι-Ῐ

872 877 966 911 nuptis
981 876 1015 903 ad
1034 880 1125 910 partes
1146 875 1318 910 imperatoris
1338 873 1476 900 transiens
1491 872 1627 899 Constan-

34 923 154 958 σατράπαι
166 924 194 950 δὲ
206 925 229 940 ’θ
244 921 316 951 οὗτοι
331 924 385 951 τῶν
399 924 538 958 ἐπιφανῶν
553 923 682 959 μαθόντες
696 923 796 958 [μεμα-

33 968 139 1004 ῢγικίιες]
158 969 207 1000 τὰς
227 969 266 999 εἰς
283 969 328 995 τὸν
362 968 495 1004 Ἐλχάνην
518 968 718 1003 φιλοφροσύνας
749 968 795 994 καὶ

33 1012 134 1046 δαψιλεῖς
146 1013 251 1048 δωρεὰς
264 1013 310 1040 τοῦ
328 1013 538 1048 αὐτοκράτορος,
566 1012 798 1048 προσεληλυθότες

31 1060 69 1084 καὶ
80 1059 160 1091 αὐτοὶ,
173 1059 228 1086 τῶν
247 1059 347 1094 ὁμοίων
362 1059 384 1075 ³⁸
401 1058 642 1093 ἐπιτυγχάνουσιν.
660 1055 715 1084 Ἦν
743 1058 798 1092 γὰρ

31 1104 42 1128 ὁ
61 1104 176 1138 βασιλεὺς
199 1101 276 1136 οὗτος
303 1104 434 1139 ἄντικρυς
450 1104 671 1140 ίερατικώτατος,
687 1103 733 1129 καὶ
748 1103 798 1138 τὴν

30 1149 119 1183 ἀρετὴν
133 1151 177 1176 καὶ
202 1151 249 1176 τὸν
266 1150 354 1183 λόγον,
374 1150 411 1181 ὡς
426 1149 673 1180 είπεῐν.εὐσε6εἰας
690 1149 799 1184 ἀπάσης

31 1196 171 1230 ἀρχιερεύς.
191 1195 460 1227 Διδασκαλικώτατός
480 1204 509 1221 τε
523 1195 578 1229 γὰρ
591 1193 626 1230 ἦν
638 1194 685 1221 τοῦ
703 1194 801 1229 ἡμετέ-

29 1248 69 1273 ρου
83 1241 226 1275 δόγματος,
244 1241 290 1267 καὶ
306 1240 487 1272 ἀποστολικὸς
501 1239 549 1275 τὴν
579 1239 738 1275 προαίρεσιν
753 1239 800 1265 καὶ

31 1284 68 1310 τὸν
80 1286 164 1320 λόγον,
183 1287 231 1313 καὶ
243 1286 308 1313 εἵσω
332 1286 380 1321 τῆς
397 1287 535 1321 ἡμετέρας
555 1286 672 1317 πίστεως
689 1285 801 1319 ποιῆσαι

30 1331 190 1366 βουλόμενος,
210 1332 242 1358 οὐ
259 1333 338 1367 μόνον
356 1333 418 1363 τοὺς
438 1331 565 1366 Νομάδας
580 1332 703 1357 τουτουσὶ
732 1331 802 1356 Σκύ-

31 1375 79 1406 ῧῖις.
91 1378 157 1404 ἀλλὰ
171 1378 221 1404 καὶ
236 1378 285 1412 τὴν
305 1377 423 1412 Περσίδα
445 1379 546 1410 πᾶσαν,
568 1377 616 1404 καὶ
640 1377 733 1402 ὁπόσοι
751 1376 800 1411 τὴν

28 1421 157 1454 Αἴγυπτον
173 1423 223 1449 καὶ
236 1423 338 1458 Λιϐύην
361 1422 489 1458 νέμονται
517 1422 664 1458 Βάρϐαροι.
679 1423 726 1448 καὶ
740 1423 800 1453 ταῖς

29 1466 69 1492 to":
86 1468 209 1502 Μωάμεθ
233 1469 355 1499 τελεταῖς
370 1467 555 1502 ὸργιάζουσιν.

846 924 988 959 tinopolim
1005 924 1038 950 ad
1065 930 1127 950 cum
1143 922 1227 949 venit.
1246 921 1356 948 Nullum
1373 920 1399 947 in
1421 927 1482 947 eum
1505 918 1626 946 liberali-

847 971 911 998 tatis
940 977 1025 1006 genus
1055 969 1148 996 omisit
1172 969 1327 1002 Augustus,
1361 967 1494 994 donorum
1533 970 1624 992 tamen

846 1016 969 1043 onmium
1000 1016 1079 1049 longe
1107 1015 1252 1041 maximum
1280 1020 1359 1041 sacer
1384 1012 1537 1046 baptismus
1563 1012 1624 1044 fuit.

849 1069 864 1089 a
882 1061 1004 1088 Barbaro
1032 1067 1177 1096 susceptus
1202 1061 1334 1088 suadente
1359 1062 1465 1089 Alexio.
1494 1061 1628 1097 angante

849 1115 911 1134 mox
933 1106 1004 1134 fama
1031 1114 1112 1142 quam
1142 1106 1285 1141 splendide
1312 1115 1450 1143 quamque
1481 1108 1628 1137 honorifice

849 1150 1086 1184 Constantinopoli
1115 1149 1265 1178 llelchanes
1292 1151 1448 1186 haberetur,
1468 1153 1521 1181 duo
1536 1155 1628 1181 archi-

849 1198 1015 1230 satrapze'ex
1029 1196 1181 1223 illustribus
1203 1195 1275 1223 inter
1292 1196 1406 1230 'l'urcos,
1428 1206 1498 1233 quos
1525 1198 1629 1227 frustra

849 1242 978 1268 invitarat
992 1240 1067 1276 Opus
1080 1245 1110 1268 ut
1123 1242 1162 1269 ire
1179 1242 1230 1276 ipsi
1247 1250 1356 1278 quoque
1380 1244 1413 1270 ad
1440 1244 1556 1280 Augusti
1583 1253 1632 1274 co-

850 1287 975 1313 mitatum
1003 1287 1114 1319 vellent,
1154 1287 1303 1315 voluntarii
1334 1289 1447 1317 adfuere
1475 1291 1632 1327 similiaque

849 1331 1002 1359 consecuti.
1017 1332 1120 1359 Nomen
1133 1333 1192 1365 uni,
1207 1333 1376 1367 Scaliarius;
1391 1335 1461 1363 alter
1473 1336 1496 1364 is
1517 1337 1567 1363 fuit
1583 1338 1630 1372 qui

853 1376 952 1404 deinde
968 1377 1223 1412 hyperperilampri,
1242 1380 1320 1413 quasi
1333 1379 1450 1413 diceres,
1478 1383 1633 1416 supercele—

853 1423 966 1450 berrimi
982 1423 1061 1449 titulo
1075 1423 1269 1451 cohonestatus
1283 1429 1332 1452 est.
1348 1424 1410 1452 Fuit
1439 1426 1482 1453 hic
1512 1427 1634 1462 impera-

853 1473 896 1495 tur
911 1475 951 1496 διε
963 1468 1076 1496 affectus
1092 1469 1193 1502 animo,
1210 1474 1240 1496 ut
1262 1470 1329 1497 nihil
1353 1472 1446 1499 mallet
1463 1480 1544 1507 quam
1570 1475 1635 1501 reli-

29 1515 126 1548 gionem
143 1523 297 1550 propagare
313 1515 509 1547 Christianam,
526 1515 568 1541 vir
581 1518 607 1541 et
622 1514 734 1542 virtutis
768 1522 818 1541 usu
840 1521 873 1541 ac
906 1515 993 1547 cultu,
1022 1520 1049 1543 ct
1079 1516 1256 1544 meditatione
1285 1513 1327 1545 ac;
1345 1518 1528 1553 exquisitione
1550 1528 1635 1548 sacra:

29 1559 160 1593 doctrinm,
170 1561 243 1588 ultra
257 1561 365 1587 modum
376 1565 539 1596 captumque
549 1560 705 1591 vitmlaica},
717 1566 804 1593 usque
823 1558 856 1586 ad
872 1560 1073 1587 aemulationem
1099 1560 1295 1595 cpiscopalinm
1318 1569 1457 1597 curarum,
1495 1569 1522 1592 et
1551 1565 1634 1592 studii

29 1605 170 1640 Apostolici
204 1614 380 1642 progressus,
423 1607 647 1640 promptissimus
683 1606 715 1633 ad
737 1605 890 1633 docendum
920 1613 969 1641 per
994 1613 1024 1633 se
1052 1606 1112 1641 ipse
1138 1607 1421 1643 promulgandumque
1453 1610 1550 1644 dogma
1583 1619 1635 1638 no-

30 1657 118 1684 strum,
137 1658 196 1680 tum
215 1653 282 1680 nulli
299 1654 332 1680 ad
357 1653 383 1679 id
399 1652 530 1687 sumptui,
553 1652 620 1679 nulli
645 1652 732 1679 labori
752 1656 844 1679 certus
869 1659 1002 1686 parcere:
1016 1652 1061 1686 qui
1075 1652 1142 1680 nihil
1166 1653 1216 1679 sibi
1239 1653 1364 1687 amplius,
1381 1655 1447 1681 nihil
1462 1657 1636 1691 expetibilius

28 1700 150 1734 lingeret,
174 1709 259 1736 quam
276 1701 297 1728 si
314 1709 368 1735 quo
393 1701 473 1728 modo
502 1704 596 1735 posset
616 1700 759 1734 consequi,
781 1703 820 1731 ut,
836 1707 891 1727 non
913 1699 994 1727 modo
1019 1700 1063 1727 isti
1081 1699 1217 1728 Nomades
1239 1702 1358 1738 Scythae,
1376 1704 1424 1730 sed
1447 1704 1526 1739 182
1541 1705 1635 1734 Persis

28 1754 127 1781 quoque
153 1750 283 1775 universa
304 1752 405 1782 quanta
420 1751 479 1780 est,
496 1753 523 1774 et
537 1751 672 1782 quotquot
702 1746 848 1781 [Egyptum
871 1745 1046 1781 Africamque
1066 1746 1188 1773 incolunt
1203 1747 1315 1775 Barbari
1332 1749 1454 1783 profanis
1473 1750 1635 1784 Moamethis

28 1791 118 1820 initiati
136 1794 237 1828 orgiis,
256 1793 290 1820 ad
308 1800 400 1820 sacros
417 1797 526 1820 nostros
545 1794 624 1825 ritus,
643 1794 734 1827 patria
748 1793 870 1827 ipsorum
889 1793 1018 1820 damnata
1035 1793 1240 1828 superstitione,
1258 1801 1288 1821 se
1304 1795 1493 1824 transferrent.

62 1839 140 1865 Ἀλλὰ
164 1839 233 1874 περὶ
254 1838 303 1872 μὲν
315 1838 417 1864 τούτων
431 1839 502 1869 ἃλις.
512 1837 666 1872 Βουλομένη
679 1837 707 1864 δὲ
722 1837 805 1863 δεινο-

892 1835 945 1863 Sed
965 1835 998 1863 de
1017 1837 1059 1863 bis
1071 1837 1180 1871 quidem
1205 1838 1283 1866 satis.
1306 1839 1375 1866 Hinc
1390 1839 1447 1874 jam
1463 1848 1534 1869 novo
1552 1842 1634 1870 initio

28 1883 101 1917 τέρεν
114 1883 161 1909 καὶ
180 1883 294 1918 μείζονα
310 1883 358 1916 τῆς
383 1882 573 1917 προλαϐούσης
602 1882 672 1908 κατὰ
688 1882 736 1916 τῆς
751 1881 805 1908 τῶν

31 1929 174 1963 Ῥωμαὶων
205 1928 293 1963 ἀρχῆς
320 1927 414 1962 ἔφοδον
437 1927 629 1962 διηγήσασθαι,
655 1928 694 1958 είς
719 1927 807 1962 ἀρχὴν

28 1971 98 2004 αὖθις
109 1974 237 2000 καθιστῶ
251 1974 296 1999 τὸν
307 1973 396 2007 λόγον’
407 1972 474 2000 ἄλλα
489 1974 542 2008 γὰρ
553 1973 596 1999 ἐπ’
610 1972 701 2004 ἄλλοις
714 1973 807 1999 διεκυ-

28 2019 178 2054 pavens”.
200 2010 281 2049 Γένοξ
298 2027 323 2045 τι
337 2019 468 2045 Σκυθικὸν
479 2019 534 2053 (Ἡ)
549 2018 623 2052 παρὰ
636 2018 690 2044 τῶν
705 2019 809 2052 Σαυρο-

28 2065 117 2097 ματῶν
138 2065 206 2091 καθ’
224 2064 343 2098 ἑκάστην
364 2063 556 2098 σκυλευόμενοι
578 2064 732 2098 ἀπάραντες
753 2063 807 2089 τῶν

28 2109 88 2135 οἴκοι
99 2110 243 2144 κατῆλθον
252 2110 320 2141 πρὸς
333 2110 378 2135 τὸν
391 2109 532 2136 Δάνουὸιν.
553 2108 597 2139 Ὠς
608 2109 635 2134 δὲ
646 2109 713 2143 πρὸς
724 2108 808 2140 ἀνάγ-

28 2163 70 2189 nn;
97 2154 132 2190 ἦν
158 2156 256 2186 αὐτοῖς
268 2155 336 2190 μετὰ
348 2155 401 2181 τῶν
412 2155 482 2182 κατὰ
496 2154 541 2181 τὸν
558 2154 685 2181 Δάνου6ιν
702 2154 807 2180 οίκούν-

28 2209 72 2226 των
92 2202 278 2233 σπείσασθαι,
295 2202 391 2228 τούτου
409 2201 583 2235 συνδόξαντος
600 2202 683 2228 πᾶσιν
694 2203 734 2232 είς
746 2202 807 2236 ὁμι-

28 2246 79 2273 λίαν
90 2246 177 2283 ἦλθον
198 2248 270 2282 μετὰ
284 2248 338 2274 τῶν
363 2247 510 2283 ἐκκρίτων,
526 2247 572 2274 τοῦ
588 2256 618 2273 τε
637 2247 725 2274 Τατοῦ
738 2247 807 2282 (72),

28 2294 67 2319 καὶ
80 2295 161 2328 Χαλῆ
194 2294 411 2328 ὀνομαζομένου,
432 2293 480 2319 καὶ
507 2292 553 2319 τοῦ
575 2292 739 2323 Σεσθλάὸου,
764 2293 809 2319 καὶ

28 2337 66 2363 τοῦ
84 2339 180 2370 Σατζᾶ
201 2338 224 2353 ³¹
244 2337 308 2373 (χρὴ
324 2337 378 2372 γὰρ
393 2337 440 2364 καὶ
455 2338 505 2372 τῆς
520 2336 677 2371 ἐπωνυμίας
703 2338 810 2372 μεμνῆο

28 2383 80 2410 σϐαι
95 2384 153 2411 τῶν
184 2383 250 2411 κατ’
278 2383 377 2414 αὐτοὺς
392 2383 510 2417 ἀρίστων
532 2383 646 2418 ἀνδρῶν,
674 2383 697 2408 ει
709 2383 756 2409 καὶ
778 2383 808 2409 τὸ

856 1881 1028 1916 accingenda
1054 1880 1174 1910 Historia
1192 1887 1235 1910 est
1251 1883 1283 1910 ad
1300 1886 1487 1914 narrationem
1506 1887 1637 1915 formido-

856 1927 966 1955 losioris
984 1928 1077 1963 priore
1100 1928 1174 1956 belli.
1191 1929 1278 1965 Major
1303 1938 1395 1958 rerum
1412 1934 1635 1961 turbulentarum

856 1973 923 2000 mihi
939 1974 1026 2002 moles
1047 1974 1172 2001 nascitur
1190 1983 1197 2002 :
1212 1979 1238 2002 et
1258 1975 1284 2002 in
1309 1976 1379 2004 alios
1400 1985 1434 2004 ex
1461 1979 1523 2007 aliis
1547 1982 1636 2007 oratio

857 2025 915 2045 mea
933 2018 1014 2045 simul
1034 2026 1096 2046 cum
1122 2019 1266 2054 republica
1294 2020 1394 2049 ﬂuctus
1415 2023 1544 2050 trahitur.
1564 2024 1637 2052 Gens

861 2064 1117 2099 quaedamScythica
1126 2073 1212 2099 genus
1228 2066 1332 2095 ducens
1350 2075 1364 2094 a
1378 2067 1560 2103 Sauromatis,
1575 2078 1638 2105 pro-

861 2109 928 2142 priis
944 2109 1055 2136 sedibus
1069 2109 1172 2137 relictis
1184 2111 1216 2137 ad
1233 2111 1386 2139 Danubium
1401 2113 1550 2141 descendit.
1565 2115 1638 2147 Quo-

861 2154 934 2180 niam
960 2162 1024 2181 vero
1054 2155 1239 2182 necessarium
1266 2156 1333 2191 ipsis
1362 2162 1421 2184 erat
1449 2160 1595 2187 convenire
1611 2161 1637 2187 in

861 2203 952 2225 certas
977 2199 1151 2227 conditiones
1185 2201 1262 2234 pacis
1292 2208 1354 2228 cum
1383 2203 1484 2230 accolis
1510 2203 1638 2237 Danubii,

858 2244 1007 2271 mittuntur
1028 2245 1164 2280 utrimque
1177 2246 1224 2280 qui
1243 2247 1428 2275 communiter
1450 2251 1637 2282 consulerent,

859 2297 892 2316 ex
907 2290 988 2318 novis
1000 2291 1111 2325 quidem
1130 2291 1237 2318 colonis
1252 2293 1381 2327 praecipui
1394 2294 1506 2328 quique,
1527 2303 1559 2322 cx
1576 2296 1639 2323 aliis

859 2336 953 2368 Talus.
971 2340 998 2364 et
1010 2337 1057 2371 qui
1076 2336 1161 2364 Chale
1190 2337 1347 2365 nominatur
1357 2358 1365 2370 ,
1377 2343 1404 2366 et
1437 2339 1599 2368 Sesthlabus
1612 2347 1639 2368 et

863 2381 944 2409 Satza
960 2381 1035 2416 (nam
1050 2386 1077 2409 et
1100 2382 1222 2411 virorum
1243 2384 1314 2412 inter
1336 2384 1386 2412 hos
1406 2384 1544 2415 Barbaros
1576 2387 1639 2414 illu-

550 2448 649 2479 Variae
670 2448 821 2480 lectiones
839 2458 878 2480 ex
904 2450 973 2481 cod.
994 2449 1126 2482 Coislin.

55 2502 77 2517 "
89 2501 302 2536 βαπτίσματος.
339 2501 363 2516 ’⁵
380 2499 544 2535 Σκαλιάρης.
582 2500 605 2516 ³⁹
632 2499 660 2526 δὲ
686 2500 744 2526 καί.
783 2501 805 2516 ¹⁰
822 2501 1011 2536 ίμειρομένων.
1050 2502 1072 2517 ³¹
1090 2502 1201 2534 Σιτζοῦ.

559 2558 629 2589 Car.
651 2558 816 2590 Dufresnii
832 2559 878 2590 Du
893 2559 1002 2598 Cangii
1021 2564 1115 2591 notae.

53 2621 109 2655 (70)
128 2617 342 2659 Ποιμᾳνηνοῆ.
356 2616 814 2659 Urbiv‘illhardu‘ino‘Bumenienor
828 2621 852 2650 υ
866 2624 893 2659 et
909 2620 1051 2659 Scylitses,
1065 2628 1126 2659 pag.
1142 2620 1203 2659 775.
1223 2621 1258 2659 D_e
1274 2621 1308 2648 iis
1329 2622 1413 2659 multa
1432 2623 1531 2659 passim
1559 2623 1638 2651 hauet

28 2652 195 2695 tuncupata;
212 2655 242 2680 in
256 2654 397 2688 provincia
416 2653 592 2688 Hellesponti.
610 2652 719 2680 Notitiae
733 2659 804 2681 vete-

30 2699 58 2717 es
73 2697 197 2724 passim.

49 2726 106 2761 (71)
122 2725 232 2755 Γένος
247 2723 401 2761 Σιιυθιιέ-όν.
416 2721 620 2761 Patzinacarum
635 2723 806 2761 bellumeum

28 2757 110 2788 tlcxio
128 2762 237 2787 narrat
250 2759 328 2784 etiam
344 2757 476 2784 Zonaras.
491 2758 560 2785 Sunt
574 2765 639 2785 vero
653 2757 804 2784 Patzinacua

28 2803 80 2829 ;ens
106 2794 259 2830 Scythica.
275 2797 304 2818 ut
326 2793 396 2820 idem
417 2797 532 2819 testatur
545 2793 571 2819 in
588 2793 689 2821 lsaacio
705 2792 802 2821 Coum.

184 2842 325 2872 ΡΑι-ιιοι.
344 2842 403 2872 Gn.
419 2840 547 2872 CXXXI.

865 2655 1073 2716 ﬂagitantibus.
1087 2656 1123 2682 Ue
1141 2656 1213 2682 adm.
1231 2656 1297 2690 imp.
1312 2663 1372 2690 cap.
1389 2658 1413 2689 l,
1431 2655 1458 2689 2,
1473 2657 1499 2689 5,
1514 2658 1529 2684 ά
1542 2663 1569 2685 et
1581 2667 1638 2693 seq.

858 2696 885 2715 el
899 2696 942 2716 οι.

879 2724 953 2763 ,(72)
977 2724 1079 2765 Tdtov.
1101 2724 1172 2756 Tati.
1196 2726 1640 2765 seu_'l‘atte,_Patzinacarum_Vdu-

859 2761 902 2819 {tis
937 2761 1060 2787 meminit
1092 2765 1223 2795 praetcrea
1250 2762 1320 2788 idem
1347 2761 1470 2790 Zonaras
1497 2763 1524 2790 in
1556 2763 1636 2792 Mich.

870 2796 941 2820 'ura.

1390 2843 1422 2872 17
