1867 3046
184 47 236 77 535

838 44 944 78 ANNE
966 46 1153 77 COMNENlE

1748 49 1810 80 536

183 101 246 127 dum
261 99 352 131 victis.
371 107 420 127 nec
434 99 626 135 indulgendum
638 106 666 128 ut
682 102 741 130 loco
757 102 810 129 ullo
830 103 918 130 consis

1073 113 1087 134 ι,
1106 103 1218 134 εἰκότως
1228 104 1306 130 τοῦτο
1321 103 1386 137 περὶ
1401 101 1515 129 τουτωνὶ
1531 101 1554 118 ¹⁹
1569 101 1720 137 Βαρϐάρων
1739 111 1810 130 σκυ-

182 149 253 172 rent.
266 144 337 171 Sane
354 145 584 178 importunissima
608 147 704 174 horum
721 148 877 182 praedonum
901 148 966 175 vici-

183 191 227 218 nia
244 196 322 225 erat;
337 200 425 227 neque
450 193 523 219 enim
541 200 622 219 unam
648 193 764 228 aliquam
789 201 821 221 ex
851 198 965 228 quatuor

181 237 245 265 anni
261 238 466 271 tempestatibus
487 237 611 265 feriatam
631 238 768 266 habebant
793 239 898 272 saltem,
919 244 965 268 aut

181 290 242 310 cum
258 291 308 318 per
321 288 442 312 aestatem
457 289 538 318 atque
553 290 713 311 autumnum
733 286 822 312 omnia
850 286 903 312 late
924 287 965 312 in-

182 329 354 357 cursionibus
385 335 549 363 vastassent,
584 337 633 364 per
664 331 779 358 hiemem
811 332 963 360 cessabant.

182 374 284 401 Verum
301 375 467 402 continuatis
494 383 548 402 uno
577 381 669 403 tenore
696 376 798 404 furoris
820 377 963 404 duodecim

183 420 247 448 totis
260 421 399 448 mensibus
424 428 510 449 annos
526 422 638 457 insuper
655 423 748 458 plures
767 431 817 450 uua
834 428 963 458 perpetua

181 466 343 494 calamitatis
357 467 535 495 intolerabilis
546 469 694 497 acerbitate
703 470 871 504 coniunxere
883 471 964 499 tantis

182 509 364 538 Romanorum
392 512 467 540 malis
484 520 516 539 ac
528 513 634 540 damnis
649 519 778 541 utcorum
796 515 839 542 vix
859 521 962 549 partem

180 563 196 582 e
211 556 304 582 multis
319 564 399 583 unam
415 559 522 592 assequi
547 560 688 592 memoria,
706 564 732 586 et
746 560 887 595 complecti
902 569 964 588 nar-

182 601 264 628 rando
278 602 427 630 valeamus.
444 604 595 631 Accedebat
613 605 705 633 horum
723 606 901 635 intractabilis
917 615 964 635 na-

182 651 240 672 tura
261 645 440 675 Barbarorum
458 653 484 675 et
497 650 594 677 eximia
612 658 667 685 pra;
682 652 787 679 cmleris
801 653 962 686 pertinacia.

179 693 300 726 atquein
316 693 377 721 odio
395 695 512 722 nominis
535 695 651 723 Romani
674 697 822 725 obstinatio
852 706 964 732 prorsus

178 739 372 767 irrevocabilis.
388 740 490 768 Nullius
504 750 621 777 unquam
639 751 730 770 eorum
747 744 773 770 in
786 744 837 771 ﬁde
852 752 961 772 suarum

178 786 294 816 partium
317 785 442 814 titubavit
464 792 510 814 aut
539 789 690 816 alternasse
703 789 776 817 visus
795 795 836 818 est
852 796 961 818 senten-

179 831 253 856 tiam.
278 828 363 858 Nemo
379 835 418 858 tot
435 840 566 859 annorum
596 834 684 868 spatio
706 836 804 869 quibus
833 836 960 864 bellatum

177 880 230 907 est,
245 883 297 902 non
312 876 371 903 dico
384 882 490 912 sponte,
511 879 559 906 sed
572 887 606 906 ne
621 881 794 914 amplissimis
807 883 914 917 quidem
928 884 960 910 ab

179 922 343 955 imperatore
367 923 498 951 invitatus
517 925 636 958 praemiis
665 926 706 953 vel
729 927 879 955 clanculum
905 929 961 956 iur-

177 968 260 994 timve
273 968 305 995 ad
320 975 370 996 nos
387 970 540 1005 transfugit.
558 970 620 998 Haec
634 972 753 1007 taliaque
767 973 903 1008 Augustus
918 983 962 1002 re-

177 1018 274 1046 putans
297 1015 449 1043 audendum
467 1024 561 1050 manu,
576 1022 604 1045 et
621 1026 708 1053 genus
724 1018 775 1046 alio
792 1020 872 1047 modo
885 1021 961 1048 indo-

176 1059 270 1087 mitum
292 1059 366 1087 ferro
397 1061 578 1089 excidendum
608 1065 735 1091 censebat
764 1066 959 1102 suadebatque.

176 1104 324 1133 Obstabant
350 1105 518 1142 Nicephorus
534 1109 665 1143 Bryenius
688 1115 715 1137 et
745 1109 960 1142 Maurocatacalo

175 1149 330 1183 Gregorius,
345 1159 423 1185 quem
439 1152 585 1187 imperator
599 1160 707 1189 captum
723 1163 737 1183 a
752 1155 860 1192 Scythis
874 1161 960 1194 pretio

174 1194 353 1229 quadraginta
371 1195 482 1222 millium
499 1199 660 1226 redemerat.
672 1199 720 1227 His
732 1203 889 1236 neutiquam
903 1204 960 1238 pla-

175 1239 254 1265 celat
268 1247 350 1273 prope
365 1239 464 1267 lstrum
481 1249 541 1268 cum
567 1243 675 1276 Scythis
703 1245 760 1272 acie
779 1247 896 1275 decerni.
925 1248 960 1275 At

175 1282 340 1319 Palzeologus
362 1285 495 1321 Georgius
514 1292 541 1314 et
557 1286 684 1316 Nieolaus
702 1289 917 1320 Maurocatacalo
934 1298 960 1322 et

175 1331 198 1358 si
217 1331 261 1366 qui
283 1332 328 1359 alii
345 1337 426 1360 aetate
450 1341 481 1361 ac
508 1334 606 1362 ferocia
631 1336 745 1370 juvenes
770 1340 960 1369 incumbebant

176 1377 332 1412 frequentes
347 1379 374 1406 in
392 1380 555 1408 sententiam
579 1383 701 1416 Augusti,
728 1385 851 1420 ultroque
875 1387 960 1414 insta-

1016 150 1116 182 πὴσας.
1136 148 1203 175 Οὐδὲ
1224 149 1278 184 γὰρ
1304 148 1357 175 ἀπό
1374 157 1445 180 τινος
1465 148 1560 182 καιροῦ
1579 148 1636 174 τῶν
1655 149 1809 182 τεοσᾶρων

1016 195 1220 230 καταρξάμεναι
1232 195 1260 220 al
1272 194 1326 221 τῶν
1339 193 1452 221 Σκυθῶν
1467 194 1602 228 προνομαὶ
1613 194 1653 224 εἰς
1668 193 1716 219 τὸν
1732 194 1809 227 ἑφε-

1015 240 1064 275 ξῆς
1090 241 1250 274 κατέληγον,
1277 240 1372 274 θέρους
1388 239 1469 274 τυχὸν
1499 240 1539 270 εἰς
1558 238 1604 265 τὸν
1632 239 1730 274 καιρὸν
1755 239 1810 273 τῆς

1014 286 1136 320 ὀπώρας,
1149 286 1164 320 ἢ
1178 286 1223 312 καὶ
1237 285 1371 321 χειμῶνος
1384 285 1412 312 ὲν
1428 284 1591 319 φθινοπώρῳ
1606 285 1806 318 παυσάμεναι.

1015 331 1082 357 Οὐδὲ
1101 330 1199 362 κύκλος
1211 327 1251 361 εἷς
1263 330 1399 360 ἐνιαύσιος
1415 329 1490 356 τουτὶ
1505 329 1534 354 τδ
1547 329 1632 355 κακὸν
1648 330 1811 364 περιέγρα-

1014 376 1074 411 ψεν.
1090 376 1162 402 Ἀλλ’
1178 376 1220 409 ἐφ’
1241 375 1343 406 ἱκανοῖς
1365 375 1437 401 ἔτεσι
1454 374 1489 400 τὰ
1510 374 1654 408 Ῥωμαίων
1677 374 1809 409 ὲκυμαῖ-

1014 431 1084 452 νετο,
1104 421 1156 448 κᾶν
1174 422 1205 448 ὲκ
1233 420 1337 448 πολλῶν
1362 420 1458 454 ὀλίγων
1478 421 1559 447 τινῶν
1579 420 1656 446 αὐτοὶ
1678 420 1811 454 ἐπεμνή-

1016 468 1129 503 σθημεν.
1145 459 1212 494 obes
1231 466 1335 498 διπλοῖς
1365 465 1550 501 ἐμερίσθησαν
1575 465 1732 500 λογισμοῖς,
1747 466 1808 491 κᾶν

1014 515 1027 541 ὁ
1042 513 1220 548 αὐτοκράτωρ
1234 512 1363 543 πολλάκις
1372 511 1416 538 διὰ
1429 511 1563 538 παντοίων
1574 510 1688 541 τούτους
1707 510 1808 544 ὲςρεῖλ-

1014 567 1087 586 κετο.
1109 558 1179 584 Ἀλλ’
1197 557 1257 584 οὐδέ
1269 566 1310 589 τις
1323 557 1413 584 λαϐὼν
1429 556 1498 592 πρὸς
1512 557 1558 583 τδν
1576 555 1690 590 βασιλέα
1709 557 1810 591 ἀπην-

1013 605 1162 640 τομόλησεν
1185 604 1226 636 ⁸⁸,
1257 603 1296 630 ἔτι
1321 602 1486 637 ἀμετάθετον
1508 602 1576 632 τέως
1604 602 1654 636 τὴν
1679 601 1806 636 γνώμην

1014 652 1132 685 ἔχοντες.
1156 651 1185 676 '0
1201 650 1248 684 μὲν
1269 649 1315 676 οὖν
1332 649 1488 683 Νικηφόρος
1502 649 1515 675 ὁ
1534 647 1661 682 Βρυένιος
1673 648 1708 679 ⁶¹,
1728 649 1783 674 καὶ
1794 650 1807 674 ὀ

1013 696 1274 732 Μαυροκατακαλὼν
1289 695 1439 730 Γρηγόριος
1447 694 1476 721 ὃν
1492 695 1576 729 τιμῆς
1589 694 1807 728 τεσσαράκοντα

1013 743 1142 778 χιλιάδων
1174 744 1188 769 ό
1217 741 1341 776 βασιλεὺς
1358 740 1434 775 παρὰ
1450 740 1504 767 τῶν
1529 739 1640 766 Σκυθῶν
1653 739 1806 766 ἑαλωκότα

1013 790 1136 825 ἐπρίατο,
1163 787 1289 822 οὐδαμῶς
1319 786 1365 813 τδν
1394 786 1531 820 μετὰτῶν
1548 785 1660 812 Σκυθῶν
1683 785 1761 812 κατὰ
1775 785 1806 810 τὺ

1014 835 1169 870 περίστριον
1184 834 1354 867 συνεχώρουν
1378 831 1507 865 πόλεμον.
1530 831 1560 856 '0
1580 831 1608 856 δέ
1632 839 1664 863 γε
1681 831 1805 856 Παλαιομ

1012 881 1090 914 λόγος
1103 879 1248 914 Γεώργιος,
1265 878 1313 904 καὶ
1333 877 1465 907 Νικόλαος
1488 877 1501 902 ὁ
1522 875 1804 911 Μαυροκατακαλὼν,

1013 927 1059 953 καὶ
1072 926 1165 952 ὁπόσοι
1179 924 1253 951 ἄλλοι
1267 923 1322 950 νέοι
1337 923 1383 949 καὶ
1396 922 1577 957 ἀκμάζοντες,
1593 922 1632 956 τῷ
1650 922 1697 948 τοῦ
1719 921 1802 954 βασι-

1011 973 1079 1004 λέως
1096 971 1291 1006 προσκείμενοι
1306 969 1439 1003 θελήματι
1462 968 1614 1001 ἐπέτρεπον
1640 967 1674 993 τὰ
1701 967 1803 1000 τέμπη

1011 1018 1058 1046 τοῦ
1074 1018 1160 1051 Αἴμου
1176 1016 1230 1052 (86)
1248 1015 1374 1045 διελθεῖν,
1390 1013 1437 1040 καὶ
1450 1013 1558 1039 κατὰτὸ
1570 1013 1734 1047 παρίστριον
1750 1012 1803 1045 τὴν

1013 1063 1082 1098 μετὰ
1100 1063 1154 1089 τῶν
1170 1061 1281 1088 Σκυθῶν
1304 1059 1485 1091 ἀναδέξασθαι
1510 1060 1609 1094 μάχην.
1628 1058 1680 1084 Σὺν
1695 1056 1739 1088 οἷς
1754 1059 1803 1083 καὶ

1011 1111 1037 1136 οἱ
1051 1109 1098 1136 δύο
1110 1109 1177 1139 υἱεῖς
1193 1107 1333 1141 Διογένους
1345 1104 1392 1131 τοῦ
1416 1104 1616 1138 αὐτοκράτορος
1636 1104 1707 1137 Νικη
1714 1104 1802 1137 φόρος

1011 1162 1040 1180 τε
1055 1153 1102 1179 καὶ
1114 1152 1200 1182 Λέων,
1214 1151 1239 1177 οἳ
1256 1150 1324 1184 μετὰ
1344 1150 1374 1175 τδ
1391 1148 1568 1183 ἀνενεχθῆναι
1590 1148 1672 1174 αὑτὸν
1691 1147 1735 1178 εἰς
1750 1147 1802 1181 τὴν

1011 1199 1061 1234 τῆς
1073 1197 1212 1232 βασιλείας
1238 1195 1380 1231 περιωπὴν
1404 1195 1433 1221 ὲν
1459 1195 1492 1229 τῇ
1510 1194 1639 1228 πορφύρᾳ
1661 1193 1690 1225 ἐξ
1712 1191 1800 1218 αὑτοῦ

1011 1245 1159 1280 ἐτέχθησαν
1171 1243 1204 1269 ⁸⁸.
1223 1242 1256 1269 'H
1267 1242 1294 1268 δὲ
1312 1240 1440 1276 πορφύρα
1456 1239 1558 1274 οἴκημά
1582 1239 1611 1265 τί
1628 1239 1687 1264 ἐστι
1725 1237 1800 1264 κατά

1010 1292 1044 1318 τὰ
1059 1291 1199 1324 ἀνάκτορα
1213 1288 1242 1320 ὲξ
1256 1287 1340 1322 αὐτῆς
1354 1287 1402 1321 τῆς
1416 1285 1520 1320 βάσεως
1535 1285 1614 1320 μέχρι
1629 1284 1679 1319 τῆς
1694 1284 1799 1318 ὀρόφου

1010 1335 1194 1371 κινήσεωςδιὰ
1223 1333 1394 1368 τετραγώνου
1421 1331 1668 1366 συμπληρούμενον
1687 1330 1798 1363 σχήμα-

1010 1392 1065 1415 τος,
1082 1382 1187 1409 ἐκεῖθεν
1207 1380 1235 1407 δὲ
1254 1381 1294 1411 εἰς
1307 1377 1446 1413 πυραμίδα
1458 1376 1645 1403 ἀποτελευτῶν
1660 1396 1668 1407 ,
1683 1374 1797 1409 ἀφορῶν

177 1423 242 1449 luant
256 1427 284 1449 ut
300 1428 376 1451 trans
395 1423 478 1451 Haemi
495 1429 584 1461 tempe
599 1426 721 1461 duceret,
736 1419 847 1465 acieque
861 1431 887 1457 in
902 1440 914 1466 ιι

1082 1429 1119 1459 ώς
1145 1427 1213 1463 πρὸς
1244 1426 1379 1452 θάλατταν
1404 1423 1472 1458 πρὸς
1497 1422 1544 1448 τὸν
1564 1422 1672 1456 λιμένα,
1705 1419 1795 1453 οὗπερ

176 1468 242 1494 uitie
256 1468 325 1496 Istro
339 1469 427 1496 vicina
448 1475 548 1498 structa
561 1473 681 1506 prmlium
698 1476 879 1504 committeret
895 1486 956 1506 cum

177 1513 296 1548 Scythis.
321 1515 486 1550 Maguopcre
507 1517 577 1544 idem
594 1520 744 1548 suadebant
760 1520 807 1548 lilii
828 1523 880 1550 duo
896 1523 959 1552 Dio-

176 1559 252 1596 genis
265 1560 377 1596 Augusti
394 1561 559 1596 Nicephorus
574 1567 601 1590 et
618 1564 682 1597 Leo,
698 1566 743 1600 qui
762 1572 821 1599 post
835 1573 956 1596 evectum

175 1606 263 1639 ipsum
278 1606 304 1632 in
329 1605 435 1641 imperii
467 1607 570 1641 apicem
590 1617 622 1637 ex
645 1617 678 1638 eo
703 1611 730 1638 in
751 1611 874 1646 Purpura
902 1617 957 1641 nati

173 1656 261 1678 erant.
279 1651 325 1679 Est
342 1657 431 1679 autem
445 1653 566 1687 Purpura
580 1655 723 1683 mdilicium
736 1657 870 1691 quoddam
885 1658 956 1687 intra

174 1701 251 1731 septa
277 1697 422 1732 imperialis
445 1699 536 1734 palatii
552 1701 586 1728 ab
603 1701 659 1735 ipsa
675 1701 734 1730 basi
749 1711 834 1739 usque
847 1705 881 1731 ad
897 1706 958 1733 terti

175 1743 336 1777 suggrundia
353 1744 482 1778 quadrata
497 1751 682 1775 constructum
711 1748 799 1776 forma
823 1758 830 1776 :
849 1749 911 1778 hinc
931 1750 956 1778 in

174 1787 343 1821 pyramidem
367 1789 502 1817 desinens.
520 1790 695 1826 Prospectum
712 1795 792 1821 habet
807 1801 882 1821 mare
897 1803 959 1822 ver-

174 1838 231 1864 sus,
247 1832 273 1859 in
287 1840 347 1860 cum
364 1839 468 1868 portum
486 1836 514 1863 in
539 1844 593 1870 quo
609 1838 713 1872 lapidea
731 1839 858 1867 visuntur
875 1841 955 1868 boum

174 1881 201 1904 et
223 1878 330 1906 leonum
347 1881 503 1908 simulacra.
525 1881 587 1909 Sola
614 1884 792 1911 exbedrarum
822 1891 958 1913 constrata

1009 1475 1033 1501 cl
1056 1474 1176 1508 πέτρινοι
1191 1472 1251 1506 βόες
1280 1471 1327 1497 καὶ
1349 1471 1373 1496 οἱ
1395 1469 1511 1499 λέοντες,
1530 1468 1574 1493 διὰ
1598 1466 1796 1502 μαρμάρωνδὲ

1008 1521 1038 1547 τό
1063 1528 1093 1545 τε
1125 1519 1221 1552 ἔδαφος
1253 1516 1438 1551 κατέστρωτο,
1467 1515 1514 1540 καὶ
1543 1514 1566 1539 οἱ
1594 1514 1678 1546 τοῖχοι
1699 1519 1796 1545 περιε·

1011 1565 1160 1596 στέλλοντο,
1175 1563 1205 1589 οὐ
1217 1562 1272 1588 τῶν
1284 1561 1431 1596 τυχόντων,
1448 1558 1508 1585 οὐδὲ
1527 1559 1581 1585 τῶν
1597 1557 1684 1584 ἄλλων
1699 1557 1795 1583 ὀπόσοι

1009 1609 1228 1645 εὐποριστότεροι
1255 1606 1309 1633 τῶν
1331 1606 1503 1640 τιμιωτέρων
1517 1603 1599 1630 λίθων
1618 1603 1700 1634 εἰσὶν,
1735 1600 1794 1627 ἀλλ’

1009 1657 1038 1690 ὲξ
1058 1654 1095 1683 ὦν
1127 1655 1180 1681 ἀπὸ
1211 1654 1321 1687 Ῥώμης
1343 1653 1366 1678 o!
1394 1649 1537 1683 ἀνέκαθενῇ
1554 1648 1676 1683 βασιλεῖς
1692 1646 1794 1673 ἐπεσύ-

1012 1711 1093 1738 ραντο
1107 1702 1138 1728 ".
1159 1701 1237 1726 Ἐστι
1247 1699 1275 1725 δὲ
1291 1695 1368 1728 οὗτος
1380 1697 1394 1723 ὁ
1411 1696 1485 1727 λίϐος
1495 1695 1563 1726 ὅλως
1579 1693 1601 1710 ⁸⁸
1613 1693 1711 1725 εἰπεῖν,

1011 1735 1114 1783 ιρυροῦς
1127 1747 1162 1773 δι’
1176 1745 1249 1775 ὅλου,
1262 1743 1309 1771 καὶ
1325 1740 1382 1769 οἷον
1398 1741 1538 1775 στίγματα
1550 1747 1610 1766 τινα
1632 1735 1793 1783 ψαμμοειδῆ

1010 1782 1095 1820 λευκὰ
1111 1791 1186 1826 αὐτῷ
1200 1789 1418 1825 περιτρέχουσιν.
1440 1788 1489 1813 Ἐκ
1508 1783 1622 1813 τουτωνὶ
1636 1784 1690 1810 τῶν
1711 1782 1793 1808 λίθων

1011 1837 1088 1873 οἶμαι
1117 1836 1261 1872 πορφύραν
1285 1835 1315 1861 τδ
1342 1834 1458 1868 οἴκημα,
1486 1832 1512 1858 oi
1532 1830 1667 1858 ἀνέκαθεν
1687 1828 1793 1861 ὠνόμα-

1013 1894 1072 1913 σαν,
1091 1885 1161 1912 Ἀλλ’
1175 1885 1223 1911 ὃπε
1227 1893 1242 1919 ρ
1254 1883 1358 1916 ἔλεγον.

177 1931 314 1952 marmore
331 1926 470 1960 :parietes
499 1932 653 1955 crustarum
685 1937 717 1956 ex
748 1931 841 1957 eodem
870 1931 958 1966 lapide
978 1932 1090 1959 tectorio
1108 1931 1244 1958 renident.
1269 1928 1387 1955 Marmor
1398 1933 1479 1961 porro
1494 1925 1566 1952 istud
1599 1930 1652 1951 non
1669 1923 1703 1949 de
1733 1919 1792 1948 νυισ

174 1969 232 2007 gari
254 1977 364 2003 genere,
397 1975 444 1997 aut
473 1971 587 1998 modicis
621 1973 742 2006 parabile
774 1976 1053 2010 sumptibus,verum
1087 1975 1219 2010 ejusmodi
1233 1974 1303 2009 quod
1322 1976 1432 2007 propter
1448 1970 1574 1997 eximiam
1603 1968 1789 1996 excellentiam

174 2016 280 2052 priores
296 2016 476 2049 imperatores
489 2019 598 2053 quando
614 2019 707 2047 sedem
732 2021 838 2055 imperii
873 2021 1034 2056 Byzantium
1060 2021 1259 2050 transtulerunt
1286 2020 1427 2052 deportare
1452 2016 1505 2043 huc
1542 2023 1628 2050 usque
1660 2022 1675 2042 a
1706 2015 1790 2043 Roma

175 2066 265 2088 vetere
278 2061 346 2087 tanti
359 2061 496 2089 duxerint.
513 2061 560 2088 Est
580 2063 602 2089 is
621 2063 690 2098 lapis
720 2072 871 2099 purpureus
897 2066 953 2094 fere
974 2071 1045 2095 totus
1063 2076 1069 2094 :
1084 2066 1136 2093 nisi
1168 2065 1238 2100 quod
1263 2062 1399 2098 puuetulis
1436 2067 1549 2088 arenosa
1568 2061 1698 2088 tenuitate
1731 2069 1789 2096 pas-

173 2109 224 2135 sim
241 2108 372 2143 inspersis
393 2108 537 2135 candicat:
553 2117 664 2145 meaque
679 2113 814 2140 sententia
829 2117 881 2148 est,
897 2122 912 2141 a
926 2114 1016 2142 colore
1043 2116 1139 2142 horum
1152 2113 1271 2147 lapidum
1292 2110 1381 2138 aulam
1406 2109 1486 2136 istam
1496 2107 1647 2142 Purpuram
1667 2115 1681 2134 a
1695 2108 1789 2142 priscis

172 2155 283 2182 dictam.
300 2154 390 2181 Redeo
404 2155 437 2181 ad
454 2161 520 2182 rem.

207 2200 274 2227 Cum
293 2200 388 2226 victrix
406 2199 523 2226 audendi
541 2202 674 2229 sententia
705 2202 829 2231 tubarum
842 2206 940 2240 undiqu

1052 2205 1095 2236 Ὣς
1121 2201 1167 2230 οὖν
1194 2203 1210 2238 ὴ
1238 2201 1355 2234 σάλπιγξ
1388 2199 1460 2234 μέγα
1484 2198 1611 2233 ἡχήσατα
1629 2198 1717 2224 ἅπασι
1742 2199 1786 2232 τὴν

174 2245 349 2280 clangoribus
373 2246 423 2272 iter
440 2245 472 2272 ad
490 2245 610 2274 llarmum
630 2247 759 2276 adversus
779 2250 894 2285 Scythas

1048 2250 1080 2281 κὸς
1092 2249 1138 2276 τὸν
1155 2245 1240 2282 Αἷμον
1254 2247 1312 2274 ὁδὸν
1326 2245 1406 2272 οἱονεὶ
1420 2243 1489 2270 κατὰ
1510 2243 1565 2270 τῶν
1579 2243 1691 2270 Σκυθῶν
1708 2246 1785 2280 προὺ-

696 2306 794 2337 Varia)
813 2306 966 2339 lectiones
991 2317 1030 2338 ex
1045 2307 1114 2338 cod.
1134 2305 1267 2336 Coislin.

208 2355 230 2370 ³³
256 2353 362 2382 τουτονὶ
375 2353 437 2379 τῶν.
477 2353 509 2392 ‘_°_
525 2353 750 2392 ἀπηυτομόλησεν
800 2358 821 2373 ’ί
838 2358 990 2392 Βρυέννιος.
1011 2358 1056 2385 Sic
1072 2364 1179 2392 semper
1191 2359 1262 2391 post.
1274 2355 1295 2370 ⁶¹
1310 2351 1622 2388 ὲτέχθησαν.κάντεῦῡεν
1653 2362 1785 2390 πορφυρο-

174 2389 298 2424 γέννητοι
325 2387 593 2423 προσηγορεύθησαν.
612 2387 638 2425 η’
733 2392 755 2408 ⁸³
770 2387 942 2428 ἐπεσύροντο.
969 2387 1002 2409 ⁷⁸⁸
1019 2392 1048 2419 τὸ
1063 2392 1131 2419 ὅλον.

701 2468 771 2499 Car.
787 2467 947 2499 Dul‘resnii
962 2470 1008 2499 Du
1030 2468 1143 2507 Cangii
1165 2471 1260 2498 notre.

212 2519 267 2554 (86)
286 2520 324 2546 Τὰ
337 2519 433 2554 τέμπη
446 2519 498 2547 τοῦ
513 2520 618 2558 Almo.
635 2519 847 2558 Tempe_n_mnti_s
860 2519 943 2558 lla-mi

1049 2527 1078 2546 er
1102 2519 1136 2545 ad
1157 2527 1265 2558 partium
1280 2523 1316 2545 est
1335 2527 1449 2558 aninem,
1469 2518 1713 2558 queur§todilqut
1727 2517 1784 2557 ιξιιι-

176 2552 313 2592 elusuras,
339 2552 575 2592 δεινος-εενωποὶις,Δ
587 2558 615 2592 ut
632 2552 908 2592 νοσοίηΤιιςοριιγίιιυ

1045 2555 1069 2580 ri
1085 2559 1187 2580 ιιυεηηι.
1207 2553 1271 2580 Vide
1289 2554 1420 2592 eun-idem.
1433 2562 1460 2580 n.
1540 2552 1616 2579 Viam
1634 2552 1743 2592 Traiani
1759 2552 1780 2577 in

176 2589 346 2627 Symocalta:
371 2589 420 2616 lib.
436 2597 542 2627 n,_r_a_p.
566 2589 759 2627 li,_dcscribit
776 2587 959 2627 Lt-iipizlarins
1009 2589 1099 2627 literne
1119 2594 1209 2615 tuante
1233 2588 1357 2627 agnoscit
1386 2588 1473 2627 etiam
1486 2588 1647 2627 Siuiocatta,
1660 2587 1712 2627 lib.
1729 2593 1780 2615 vut.

176 2622 204 2649 in
219 2623 307 2650 Pund.
322 2623 402 2650 Turc.
421 2632 447 2650 η.
470 2622 523 2651 107⁷
540 2634 546 2650 :
565 2624 596 2650 In
616 2624 755 2650 Thraciam
773 2632 804 2650 ea:
827 2623 954 2658 Bulgaria
1006 2632 1067 2657 eap.
1083 2624 1116 2655 4;
1135 2627 1238 2653 portas,
1255 2623 1442 2658 seuiclaustra
1457 2623 1485 2650 S.
1503 2622 1593 2648 Basilii
1611 2622 1780 2658 ibidetnrme-

176 2658 332 2692 prafermris
343 2659 441 2693 duplex
458 2660 507 2686 iter
523 2665 562 2685 est
573 2659 606 2685 ad
618 2659 795 2692 superandum
808 2658 930 2685 Hwnmm
944 2666 953 2684 :
1005 2664 1113 2685 merant
1132 2657 1286 2685 Willelntus
1310 2657 1418 2693 Tyrius,
1429 2657 1493 2693 lib,
1504 2664 1536 2693 ιιἱ
1548 2664 1608 2691 cap.
1625 2657 1701 2693 deet
1714 2657 1780 2682 Ano-

176 2701 243 2719 unus
257 2693 345 2719 aditus
360 2691 384 2719 η’
396 2693 510 2728 Trajqu
521 2691 655 2728 plerisque
667 2699 775 2727 putatur
790 2693 887 2728 factus,
906 2693 951 2719 ubi
1005 2701 1113 2728 nyrnus,
1131 2693 1167 2719 De
1184 2693 1303 2728 Expedit.
1320 2691 1407 2720 Ᾱδὶαι.
1423 2691 1504 2720 Fred.
1522 2692 1547 2719 I.
1562 2692 1636 2719 Adde
1651 2691 1779 2724 Busbccq.

176 2728 261 2755 adhuc
284 2729 415 2762 quadrato
442 2727 527 2762 rapite
555 2734 631 2762 porta
661 2729 776 2756 murima
790 2727 948 2764 spernitur:
1004 2727 1030 2755 in
1049 2727 1213 2757 11incr.CP.
1229 2736 1289 2763 pag.
1302 2728 1346 2755 ‘26.
