1867 3046
30 119 76 150 5ἷὸ

647 114 852 146 ALEXlADIS
872 114 945 146 LIB.
966 112 1034 144 Vll.

1589 114 1640 146 5M5

29 178 62 208 ὡς
78 176 97 191 θ’
114 174 322 210 ἡττηθήσονται,
340 173 388 200 καὶ
403 173 485 208 ἡμεῖς
499 173 546 199 τοῦ
565 172 660 199 λοιποῦ
676 172 805 208 ὀχύρωμα

897 180 910 199 s
939 171 1083 204 lacessant,
1110 175 1214 197 certum
1238 175 1282 198 est
1309 170 1488 198 temeritatem
1512 178 1560 198 eos
1578 179 1660 211 mox5

29 221 203 257 ἐρυμνότατον
234 221 283 255 τὴν
318 220 440 254 μεγάλην
475 219 574 253 ἕξομεν
604 219 804 253 Περισθλάϐαν.

30 269 103 299 Πόλις
127 267 155 294 δὲ
178 266 246 301 αὓτη
277 266 432 301 περιφανὴς
449 266 514 301 περὶ
539 265 585 292 τὸν
615 265 722 300 Ἴστρον
749 264 806 290 δια-

30 313 136 348 κειμένη
165 313 228 340 ποτὲ
261 313 310 348 μὲν
338 312 395 339 οὔτ’
424 312 510 347 ὖνομα
534 311 614 338 τοῦτο
645 311 745 345 ἔχουσα
774 309 805 336 τδ

31 358 200 393 βαρϐαρικόν,
229 358 288 384 ἀλλ’
318 357 510 392 Ἐλληνίζουσα
539 357 603 391 περὶ
628 356 676 392 τὴν
700 363 805 390 προση-

30 404 117 438 γορίαν
131 404 243 438 Μεγάλη
259 403 336 435 πόλις
354 404 401 430 καὶ
424 401 491 430 οὖσα
514 403 560 429 καὶ
580 402 717 437 λεγομένη
733 410 740 416 ·
758 400 808 436 ἀφ’

29 448 56 477 οὗ
78 451 103 476 δὲ
131 450 239 484 Μάκρος
253 450 336 485 (9⁵1]ιέ
351 450 403 476 τῶν
416 449 578 483 Βουλγάρων
607 447 734 483 βασιλεὺς
759 447 807 473 καὶ

31 497 50 522 οἱ
65 495 92 527 ἐξ
105 495 209 522 ἐκείνου
235 496 388 530 γενόμενοι,
419 495 466 522 καὶ
494 495 607 530 προσέτι
630 502 662 527 γε
677 493 805 528 Σαμουὴλ

30 542 42 567 ὁ
55 541 202 572 τελευταῖος
218 541 266 572 τῆς
284 540 470 575 Βουλγαρικῆς
485 538 654 569 δυναστείας,
664 538 804 571 καθάπερ<

29 588 41 613 6
66 586 187 618 Σεδεκίας
208 587 263 612 τῶν
285 586 430 618 Ἰουδαίων,
450 586 499 620 τῆς
523 585 641 620 ἑσπέρας
672 583 807 618 κατέδρα-

31 642 74 668 μον
89 634 120 664 ε’,
135 632 262 659 σύνθετον
277 634 413 667 ἐκτήσατο
438 631 488 664 τὴν
508 631 695 665 προσηγορίαν
708 629 762 656 ἀπό
775 637 806 655 τε

27 679 72 712 τῆς
88 679 247 714 Ἑλληνικῆς
265 678 414 714 σημασίας,
431 676 543 712 Μεγάλη
568 676 805 710 ἐπονομαζομένη,

30 726 70 751 καὶ
83 726 129 759 τὴν
139 725 194 751 ἀπὸ
209 725 263 751 τῶν
275 724 468 758 Σθλαϐογενῶν
480 722 668 758 ὲπισυρομένη
684 721 757 753 λέξιν
770 720 804 753 ³¹,

30 771 126 805 μεγάλη
156 770 329 805 Περισθλάϐα
358 769 529 804 πανταχόθεν
553 767 659 799 τούτοις
688 765 807 801 φημιζο-

31 816 100 850 μένη.
116 815 225 850 Ταύτην
238 816 328 842 τοίνυν
348 815 538 850 κρησφύγετον
553 813 673 848 ἔχοντες,
693 812 717 838 οι
733 810 805 846 ἀμφὶ

860 217 985 251 praesenti
1002 216 1212 243 rlatleluituros.
1227 215 1282 242 Nos
1299 220 1400 247 autem,
1417 216 1552 243 tutissimo
1566 217 1642 244 dein-

859 268 922 296 ceps
937 261 1006 291 loco,
1024 268 1121 295 magna
1147 260 1224 295 potiti
1247 260 1425 293 Perislhlaha,
1446 261 1554 288 cititate
1580 269 1641 287 mu-

860 307 1005 338 nitissima,
1020 314 1063 333 res
1081 313 1197 340 spesque
1215 310 1321 332 nostras
1338 306 1507 332 habebimus.
1525 306 1568 333 Est
1586 307 1642 333 haec
1662 310 1666 314 ”

859 352 926 377 urbs
949 351 1020 378 inter
1044 351 1112 377 lstro
1135 351 1341 383 circumpositas
1361 350 1457 378 nobilis
1482 351 1508 377 in
1537 351 1640 385 paucis,

861 394 938 422 Tunc
961 396 1068 429 quidem
1084 396 1135 422 istn
1153 395 1272 421 Barbare
1291 395 1362 429 quod
1382 394 1536 428 retttlimus,
1551 395 1641 422 defer-

862 445 934 467 mata
952 440 1094 473 vocabulo,
1120 440 1240 468 Grmcatn
1262 445 1353 468 tamen
1381 448 1412 466 cx
1437 447 1499 467 vero
1523 440 1640 475 appella-

859 487 959 514 tionem
986 487 1112 514 obtinens
1140 486 1324 521 Megalopolis,
1354 494 1413 520 qua:
1447 486 1565 514 civitatis
1592 487 1641 521 ipsi

861 541 964 567 magna:
983 532 1089 559 titulum
1116 533 1212 559 merito
1230 533 1358 562 vindicat,
1384 536 1426 558 est
1450 531 1521 558 enim
1549 538 1642 558 revera

861 580 932 606 talis.
950 579 987 605 Ex
1011 586 1065 613 quo
1084 585 1174 606 autent
1201 580 1308 606 Mocrus
1333 579 1508 613 Bulgarortlm
1533 585 1589 611 rex,
1615 583 1642 605 et

859 625 906 659 qui
921 632 953 651 ex
969 624 1013 651 illo
1031 624 1116 656 luere,
1135 630 1248 658 postque
1267 625 1315 651 hos
1328 624 1447 656 Samuel,
1466 625 1510 658 qui
1532 624 1642 651 ultimus

860 671 982 705 Bulgaris
995 671 1128 705 regnavit,
1146 675 1172 697 ιιι
1189 671 1315 698 Sedecias
1331 669 1441 702 Jntlaeis,
1465 669 1544 704 195
1568 671 1637 697 occi-

861 716 942 744 duum
957 717 1131 743 incursavere
1149 716 1259 743 limitem
1274 724 1282 742 ε
1297 723 1392 742 nomen
1407 715 1450 741 isti
1469 715 1528 742 urbi
1542 716 1640 741 factum

860 768 901 790 est
913 763 1010 798 partim
1027 770 1060 790 ex
1077 762 1170 789 ϐιωρο
1185 761 1270 789 veteri
1284 762 1474 796 compesitum,
1494 761 1590 796 partim
1608 768 1641 787 ex

860 810 1016 836 colonorum
1031 808 1177 835 recentium
1196 815 1211 834 a
1231 807 1349 834 Sthlavis
1365 815 1448 841 genus
1464 807 1639 837 traltentiutn,

30 861 69 887 τὸν
97 859 360 896 Μαυροκατακαλὼν
390 859 495 894 ἔλεγον,
529 859 577 884 καὶ
605 856 742 891 ὁσημέραι
773 854 805 880 δι’

895 855 951 882 ntili
968 854 1088 886 nomine,
1111 859 1140 881 ut
1155 853 1249 888 Magna
1269 853 1438 880 Peristhlaba
1458 853 1557 887 passim
1572 852 1641 886 apud

31 907 228 943 ἀκροϐολισμῶν
240 908 296 938 τοῖς
313 905 431 936 Σκύθαις
447 903 676 940 προσϐάλλοντες,
689 901 718 928 οὺ
735 905 807 927 παυ-

31 951 123 985 σόμεθα
147 952 313 987 ζημιοῦντες
336 951 446 982 αὐτοὺς,
470 949 593 984 μηδόλως
617 947 730 978 τούτους
756 947 806 980 τῆς

30 997 123 1028 οἰκείας
156 996 338 1031 παρεμϐολῆς
364 994 558 1031 χορταγωγίας
588 992 671 1028 χάριν
706 991 722 1026 ἢ
755 990 806 1024 τῆς

29 1042 74 1068 τῶν
102 1041 242 1078 χρειωδῶν
274 1041 443 1077 συγκομιδῆς
470 1039 678 1075 συγχωροῦντες
709 1036 806 1071 ἐξελη-

28 1086 135 1115 λυθέναι.

856 906 952 936 gentes
967 900 1176 934 circumpositas
1190 900 1245 934 jam
1268 900 1370 927 audiat.
1393 899 1431 926 Ex
1457 900 1508 926 hac
1533 899 1642 926 civitate

859 951 986 980 tanquam
1003 953 1036 973 ex
1058 949 1115 973 tuto
1139 945 1309 980 receptaculo
1331 945 1480 980 (inquiebat.
1501 944 1642 980 Mauroca-

858 979 946 1017 tacalo
956 995 984 1017 et
995 990 1040 1025 qui
1054 997 1115 1017 cum
1127 997 1159 1017 eo
1170 989 1333 1024 sentiebant)
1346 989 1466 1024 quotidie
1479 979 1642 1023 prodeuntes

860 1036 1035 1064 velitabimur
1061 1044 1122 1063 cum
1149 1035 1269 1070 Scythis,
1296 1042 1490 1069 carpemusque
1513 1035 1585 1068 ipsos
1609 1041 1642 1061 ac

861 1081 1030 1115 fatigabimns
1043 1081 1162 1114 assidue,
1177 1081 1278 1108 nullttm
1290 1080 1344 1107 illis
1357 1088 1433 1107 usutn
1449 1078 1640 1113 pabulationis,

30 1133 176 1168 lignationis
210 1139 257 1161 aut
293 1133 405 1161 alterius
434 1139 550 1160 annona:
580 1126 807 1164 comportatiouis
826 1125 940 1154 liberum
955 1127 1075 1154 sinentes
1091 1135 1099 1154 :
1118 1127 1180 1154 dum
1198 1134 1245 1154 ens
1278 1127 1322 1161 qui
1342 1126 1437 1153 harum
1469 1132 1559 1153 rerum
1579 1131 1642 1159 gra-

31 1180 60 1206 tia
85 1180 221 1213 paululum
251 1179 349 1206 castris
373 1179 493 1212 ipsorum
520 1176 703 1212 processerint
732 1173 804 1201 haud
824 1173 904 1200 dubie
918 1172 1151 1200 obtruncabimus.

59 1225 164 1252 Τούτων
179 1224 227 1251 οὖν
242 1224 295 1251 τῶν
320 1224 408 1255 λόγων
436 1223 617 1258 τριϐομένων,
652 1219 806 1249 ἀποϐάντες

30 1273 49 1298 oi
65 1272 107 1298 τοῦ
123 1271 269 1305 Διογένους
281 1271 335 1297 υἱοὶ
348 1270 402 1297 τῶν
417 1268 559 1304 σφετέρων
574 1267 668 1294 ἵππων
678 1262 721 1292 οἶα
736 1265 804 1296 νέοι,

31 1318 72 1343 καὶ
85 1317 133 1351 τῆς
145 1317 200 1343 τῶν
213 1316 304 1351 μόθων
320 1316 471 1349 κακότητος
490 1315 618 1348 ἄγευστοι
643 1312 657 1339 ὅ
675 1319 706 1338 τε
719 1310 807 1344 Νικη-

31 1365 106 1399 ῳόρος
124 1365 171 1391 καὶ
190 1364 204 1389 ό
225 1363 302 1390 Λέων
321 1362 384 1392 τοὺς
401 1361 527 1396 χαλινοὺς
554 1357 807 1393 ἀφελόμενοι,πλὴ-

31 1410 117 1441 ξαντές
135 1418 166 1436 τε
187 1409 285 1440 αὐτοὺς
316 1408 388 1435 κατὰ
417 1407 472 1434 τῶν
501 1407 627 1440 κέγχρων
659 1403 806 1438 ἐξήλασαν,

30 1457 191 1488 ἐπειπόντες,
206 1455 251 1489 Μὴ
265 1453 367 1485 δέδιθι,
386 1451 519 1485 βασιλεῦ
534 1459 541 1466 ·
557 1449 642 1478 αὐτοὶ
659 1449 715 1484 τὰρ
735 1447 807 1480 τοὺς

30 1501 171 1534 ἀκινάκας
204 1501 393 1533 σπασάμενοι
431 1497 643 1532 διαμελίσομεν
683 1493 804 1526 αὐτούς.

35 1548 60 1573 '0
72 1548 98 1573 δὲ
113 1547 242 1581 βασιλεὺς
266 1544 518 1580 φιλοκινδυνότατος
538 1543 577 1569 ὢν
595 1542 642 1569 καί
664 1541 807 1577 προαρπά·
820 1558 841 1587 C

32 1593 81 1624 ζειν
98 1591 229 1626 πεφυκὼς
245 1592 295 1622 τὰς
313 1591 414 1626 μάχας,
429 1590 484 1617 οὐδ’
501 1590 543 1621 εἰς
573 1588 636 1616 νοῦν
657 1588 725 1618 ὅλως
753 1586 807 1613 τῶν

31 1638 211 1673 ἀπειργόντων
228 1637 309 1664 αὐτὸν
326 1637 391 1668 τοὺς
407 1636 503 1670 λόγους
520 1634 658 1667 ἐϐάλλετο,
676 1633 744 1661 ἀλλὰ
758 1632 808 1667 τὴν

32 1684 164 1719 βασιλικὴν
176 1683 291 1718 σκηνὴν,
304 1682 351 1708 καὶ
366 1683 416 1713 τὰς
435 1681 534 1713 σκευὰς
549 1681 659 1711 ἁπάσας
672 1678 755 1706 ἀναθέ
760 1686 808 1713 με-

30 1738 68 1760 νος
84 1730 120 1764 τῷ
131 1729 306 1763 Κουτζομίτη
321 1728 344 1744 ⁸³
371 1727 499 1762 Γεωργίῳ
538 1726 606 1760 πρὸς
632 1725 662 1751 τὸ
682 1725 808 1760 Βέτρινον

32 1776 169 1811 ἐξέπεμψε,
185 1775 223 1802 Τὸ
249 1775 277 1801 δὲ
303 1775 461 1809 στράτευμα
490 1773 603 1806 ἐπέταξε
639 1772 676 1807 μὴ
698 1771 804 1806 λύχνον,

33 1822 93 1856 μηδὲ
116 1822 172 1858 πῦρ
202 1821 303 1855 ἀνάψαι
317 1820 347 1846 τὺ
363 1820 497 1855 παράπαν
518 1818 588 1845 κατὰ
607 1819 656 1853 τὴν
687 1817 808 1851 ἑσπέραν

32 1869 139 1904 ἐκείνην,
156 1868 227 1895 ἀλλὰ
252 1867 314 1899 τοὺς
342 1867 444 1898 ἵππους
467 1865 630 1900 κατέχοντας
658 1862 809 1898 ἐγρηγορέ-

32 1924 70 1941 ναι
106 1915 205 1950 μέχρις
228 1914 304 1948 ἡλίου
332 1912 477 1946 ἀνατολῆς.
507 1911 593 1942 Αὐτὸς
622 1910 651 1937 δὲ
677 1910 749 1937 κατὰ
777 1908 807 1934 τὺ

31 1960 184 1995 περίορθρον
208 1959 292 1991 ἔξεισι
319 1959 369 1993 τῆς
402 1956 578 1991 παρεμϐολῆς
610 1956 657 1982 καὶ
689 1955 737 1986 τὰς
760 1954 808 1980 δυ-

33 2006 120 2040 νάμεις
145 2004 263 2036 διελὼν,
291 2003 339 2031 καὶ¹
367 2003 416 2034 τὰς
443 2002 586 2036 φάλαγγας
611 2002 651 2033 εἰς
687 2000 806 2035 πολέμου

32 2052 269 2087 καταστησάμενος
285 2051 381 2085 σχῆμα
397 2048 542 2083 παραθέων
557 2048 652 2075 ἐθεᾶτο
677 2047 707 2073 τὸ
722 2047 807 2079 στρά-

32 2105 120 2132 τευμα.
137 2096 205 2124 Εἶτα
215 2097 265 2132 τὴν
283 2095 405 2131 μεγάλην
420 2093 531 2131 [μέσην]
559 2093 611 2128 τῆς
625 2093 806 2128 παρατάξεως

32 2141 115 2176 χώραν
128 2141 202 2176 εῖχεν
213 2141 295 2172 αὐτὸς
307 2139 558 2174 συμπληρουμένην
573 2138 628 2164 άπό
642 2146 671 2164 τε
692 2137 746 2164 τῶν
776 2136 806 2169 ἐξ

32 2187 137 2220 αἵματος
152 2188 200 2213 καὶ
209 2185 368 2221 ἀγχιστείας
398 2184 590 2220 προσηκόντων
612 2183 685 2218 αὐτῷ
706 2191 805 2216 συγγε-

895 1217 942 1244 llis
970 1217 1121 1250 talibusque
1151 1215 1322 1244 sermonibus
1350 1216 1485 1249 pendente
1510 1216 1642 1244 delibera-

859 1263 943 1295 tione,
962 1262 1087 1297 Diogenis
1099 1262 1146 1289 lilii
1162 1263 1267 1290 feraces
1290 1262 1404 1295 juvenes
1430 1262 1562 1297 inexperti
1584 1270 1642 1290 ma-

859 1307 967 1340 lorum,
999 1307 1159 1342 {errareque
1188 1308 1277 1335 aetatis
1306 1307 1393 1340 elati,
1421 1307 1498 1342 equis
1534 1313 1643 1342 repente

861 1355 1028 1386 desilientes,
1055 1354 1147 1382 frzenis
1172 1361 1220 1381 eos
1246 1358 1344 1381 exutos
1370 1355 1396 1381 in
1425 1354 1492 1381 milii
1523 1360 1642 1388 segetem

859 1405 967 1434 pastum
993 1400 1151 1433 admittunt,
1182 1400 1260 1427 simul
1298 1400 1487 1434 imperatorem
1511 1400 1550 1427 sic
1576 1400 1644 1427 alto-

860 1449 973 1480 qnettlei
992 1454 999 1472 :
1014 1444 1056 1472 Ne
1066 1445 1178 1477 dubites,
1194 1445 1321 1479 Auguste,
1346 1453 1391 1471 nos
1406 1445 1473 1471 enim
1493 1444 1642 1470 aciuacibus

859 1490 959 1518 strictis
969 1491 1133 1518 concidamus
1144 1490 1190 1517 Ita;
1201 1489 1345 1517 Barbaros.
1360 1490 1425 1517 Erat
1435 1491 1460 1517 in
1473 1490 1642 1525 imperatoris

860 1543 969 1572 pectore
991 1536 1087 1570 ipsius,
1113 1536 1160 1571 qui
1179 1536 1287 1563 ferocia;
1302 1535 1502 1563 adulescentum
1525 1537 1641 1566 faveret.

859 1582 957 1609 similis
974 1581 1091 1615 impetus
1106 1581 1304 1608 consuetudine
1327 1580 1443 1608 audendi
1459 1581 1587 1614 nutritus,
1609 1579 1642 1607 ad

859 1627 1014 1662 occupanda
1039 1626 1192 1661 praeliorum
1216 1626 1337 1660 pericula
1360 1631 1456 1660 sponte
1473 1625 1641 1660 prominens.

859 1673 923 1701 lude
938 1672 1010 1700 haud
1028 1673 1096 1700 adeo
1111 1672 1322 1699 dissuadentium
1336 1672 1472 1698 rationum
1491 1671 1560 1706 apud
1575 1678 1643 1704 pra:-

856 1719 977 1752 juilicato
995 1718 1153 1746 inclinatum
1168 1718 1256 1745 studio
1283 1722 1419 1744 momenta
1438 1716 1554 1743 valuere.
1572 1716 1642 1750 Ergo

858 1764 1005 1798 Augustale
1022 1771 1054 1790 ac
1068 1763 1126 1797 ejus
1142 1763 1350 1789 instrumentum
1366 1769 1456 1794 omne,
1474 1768 1596 1795 vasaque
1610 1769 1642 1788 ac

858 1810 981 1838 sarcinas
997 1810 1134 1836 exercitus
1150 1808 1243 1840 totius,
1260 1807 1420 1835 Cutzomltte
1435 1807 1552 1842 Georgio
1565 1815 1642 1833 com-

859 1856 984 1884 mendata
998 1856 1136 1882 Betrinum
1153 1859 1211 1882 tuto
1226 1854 1387 1889 perferenda
1402 1858 1487 1881 curat.
1504 1854 1640 1881 Exercitui

860 1903 943 1931 edicit
958 1910 991 1930 ne
1007 1903 1107 1936 ignem,
1125 1908 1192 1928 neve
1209 1899 1361 1934 lampadem
1382 1898 1426 1926 illa
1440 1899 1543 1933 uspiam
1562 1903 1641 1926 nocte

861 1948 1050 1979 accenderent,
1069 1947 1116 1974 sed
1133 1946 1235 1980 paratis
1248 1945 1281 1972 ad
1295 1951 1402 1971 manum
1418 1944 1496 1978 equis
1507 1950 1592 1978 usque
1603 1943 1638 1970 ad

858 1994 925 2021 solis
952 1997 1040 2020 ortum
1065 1991 1200 2019 excubare
1222 1990 1316 2026 vigiles
1346 1993 1562 2024 perseverarent.
1581 1988 1641 2023 ipse

857 2041 929 2068 circa
942 2040 1087 2067 diluculum
1103 2038 1201 2064 castris
1219 2037 1320 2072 prodit,
1339 2036 1488 2070 divisisque
1513 2035 1597 2069 copiis
1611 2039 1640 2062 et

858 2087 1033 2120 phalangibus
1044 2085 1070 2111 in
1084 2084 1149 2112 aciei
1161 2084 1274 2110 formam
1284 2082 1406 2116 digeSLis,
1420 2081 1516 2108 obiens
1529 2081 1640 2107 ordines

857 2132 1005 2159 exercitum
1036 2130 1191 2157 lustrabat:
1217 2128 1260 2155 ubi
1289 2127 1356 2154 satis
1385 2126 1513 2161 placuere
1539 2126 1640 2155 omnia,

858 2177 946 2204 media
966 2177 994 2202 in
1010 2175 1070 2202 acie
1086 2174 1137 2201 sibi
1163 2173 1263 2206 delegit
1289 2171 1390 2204 locum,
1414 2171 1515 2198 circum
1542 2169 1639 2196 ibidem

32 2214 88 2264 vdiv,
106 2214 152 2258 καὶ
171 2214 305 2266 τάδελῖροῦ
323 2214 463 2265 ’Δϐριανοῦ
477 2214 531 2256 ⁶τῶν
547 2214 677 2255 Λατίνων.
692 2228 731 2263 τῷ
745 2214 805 2254 τότε

895 2221 995 2256 ιροδίιὶε
1010 2218 1171 2247 necessariis
1196 2217 1264 2250 suis,
1289 2216 1336 2251 qui
1360 2215 1481 2251 proxime
1498 2214 1571 2242 illum
1598 2214 1640 2240 vel

32 2277 239 2312 ἡγεμονεύοντος
252 2277 300 2303 καὶ
318 2276 420 2310 ἐτέρων
449 2274 583 2309 γενναίων
606 2274 723 2309 ἀνδρῶν,
758 2274 805 2300 τοῦ

31 2323 55 2349 δέ
67 2331 97 2356 γε
111 2322 259 2358 ἀριστεροῦ
273 2323 364 2356 κέρως
380 2322 502 2357 κατῆρχε
524 2321 681 2356 Νικηφόρος
696 2322 806 2356 Καῖσαρ

31 2369 43 2394 ὁ
57 2368 222 2404 Μελισσηνδς
238 2368 252 2393 ι
266 2368 312 2393 ἐπ’
325 2367 425 2402 ἀδελφῇ
447 2366 572 2402 γαμϐρὸς
592 2366 686 2393 αὐτοῦ.
727 2365 807 2392 Κατὰ

32 2413 56 2439 δὲ
65 2415 93 2440 τι
103 2414 191 2447 δεξιὸν
204 2413 338 2448 ἡγεμόνες
353 2413 463 2440 ἵσταντο
484 2412 498 2439 ὅ
510 2420 539 2438 τε
554 2412 805 2447 Κασταμμωνίτης,

33 2460 261 2491 καὶόΤαττίκιος.
277 2460 338 2485 Τῶν
352 2458 380 2485 δὲ
400 2458 514 2485 ιθνικῶν
539 2458 553 2484 ὃ
579 2466 608 2483 τε
638 2457 739 2489 Οὑςᾶς,
761 2458 807 2484 καὶ

34 2505 201 2540 ὸΚαρατζᾶς
212 2505 237 2532 oi
258 2504 441 2540 Σαυρομάται.
459 2504 507 2536 Ἓξ
518 2503 546 2529 δὲ
560 2503 606 2530 τὸν
617 2503 734 2538 ἀριθμὸν
750 2503 788 2529 διε
802 2520 804 2523 -

859 2266 1105 2301 consanguinitate,
1125 2263 1168 2291 vel
1183 2258 1312 2289 afﬁnitate
1330 2260 1519 2295 contingebant
1534 2268 1541 2287 :
1556 2259 1640 2286 fratre

858 2312 987 2340 nimirum
1008 2309 1129 2336 Adriano
1154 2307 1267 2335 Latinos
1294 2311 1349 2333 tum
1372 2306 1509 2336 ductante,
1535 2309 1561 2332 et
1579 2303 1640 2331 aliis

856 2359 922 2385 viris
936 2358 1010 2391 juxta
1027 2353 1175 2382 illustribus
1197 2358 1224 2380 ct
1249 2352 1373 2379 fortibus.
1399 2351 1516 2378 Sinistro
1539 2349 1634 2377 cornui

857 2403 966 2439 prmfuit
980 2401 1150 2435 Nicephorus
1163 2399 1254 2426 Caesar
1270 2401 1446 2432 cognomento
1470 2395 1638 2426 Melissenus,

858 2450 904 2485 qui
928 2455 1050 2476 sororem
1076 2446 1249 2481 imperatoris
1266 2446 1292 2471 in
1317 2443 1488 2471 tnatrimonio
1511 2442 1638 2469 habebat.

860 2495 990 2522 Dextrum
1006 2499 1090 2519 cornu
1106 2491 1232 2518 ductores
1245 2488 1340 2516 habuit
1351 2487 1590 2515 Castammonitem
1612 2489 1640 2513 et

554 2561 653 2592 Varia
669 2561 822 2592 lectiones
844 2570 883 2592 ex
896 2560 967 2591 cod.
981 2557 1113 2589 Coislin.

64 2616 84 2632 ³⁸
104 2616 184 2644 Deest
203 2616 298 2643 vocula
309 2615 356 2645 ὡς.

395 2614 416 2630 ⁶¹
429 2614 612 2650 κατέδραμεν.
650 2613 674 2629 ⁸¹
690 2613 777 2645 τάξιν.
816 2614 838 2630 ⁸³
853 2612 1046 2646 Κουτζομύτῃ,

555 2682 625 2713 Car.
645 2681 807 2713 Dufresnii
823 2682 871 2712 Du
888 2679 997 2719 Cangii
1014 2681 1108 2709 notaa.

62 2749 115 2779 (9'1)
131 2749 260 2782 Μάκρος.
278 2747 329 2779 Qui
348 2751 374 2774 et
391 2745 499 2773 Samuel
515 2745 614 2782 dictus.
635 2744 702 2773 Vide
716 2744 797 2776 infra,
818 2743 864 2770 lib.
884 2750 932 2774 xit,
970 2748 1031 2775 pag.
1048 2739 1111 2772 57!,
1135 2742 1162 2766 et
1186 2740 1285 2766 seriem
1314 2743 1407 2770 regum
1446 2734 1581 2771 Bulgaria:
1609 2733 1638 2760 in

33 2782 147 2810 Familiis
165 2783 336 2810 Sclnvonict‘s.
354 2790 399 2809 seu
417 2781 583 2807 Dalmaticis.
