1867 3046
191 65 244 95 535

847 63 952 97 ΑΝΝᾸΕ
973 65 1160 97 (ΣΟΜΝΕΝᾹΞ

1751 69 1814 101 ωδ

191 119 254 146 dum
269 117 360 149 victis,
379 125 428 145 nec
442 118 634 154 indulgendum
645 125 674 148 ut
690 121 749 149 loco
765 121 818 149 ullo
837 123 955 149 consiste

1023 123 1095 153 σθαι,
1113 123 1226 154 εἰκότως
1236 123 1314 149 τοῦτο
1329 122 1394 157 περὶ
1409 121 1523 149 τουτωνὶ
1539 122 1562 138 ³⁸
1577 121 1728 157 Βαρϐάρων
1744 132 1815 150 σιω-

190 168 261 191 rent.
274 163 345 190 Sane
361 164 592 197 importunissima
616 165 712 193 horum
728 168 885 200 praedonum
908 167 974 194 vici-

191 210 235 237 nia
252 215 330 244 erat;
345 218 433 245 neque
458 212 531 238 enim
549 219 630 238 unam
655 212 772 247 aliquam
797 221 828 240 ex
858 218 973 247 quatuor

189 255 253 283 anni
269 257 474 290 tempestatibus
495 256 619 284 feriatam
638 257 776 285 habebant
801 259 906 291 saltem,
926 264 973 286 aut

189 308 250 329 cum
267 309 316 336 per
328 307 450 331 aestatem
465 308 546 337 atque
561 309 720 330 autumnum
740 305 830 331 omnia
857 305 911 331 late
931 306 973 331 in-

190 347 362 376 cursionibus
392 353 558 382 vastassent,
593 357 640 384 per
671 350 787 378 hiemem
818 351 970 379 cessabant.

190 392 292 420 Verum
309 393 475 421 continuatis
502 402 555 421 uno
584 400 677 422 tenore
704 395 805 423 luroris
827 396 971 424 duodecim

190 439 255 466 totis
268 439 406 467 mensibus
432 447 518 468 annos
534 441 646 476 insttper
663 442 755 477 plures
774 450 824 470 una
841 447 970 478 perpetua

189 485 351 513 calamitatis
365 486 543 514 intolerabilis
554 488 701 516 acerbitate
711 489 878 523 conjuuxere
890 491 972 518 tantis

189 528 372 556 Romanorum
399 531 474 558 malis
492 539 523 558 ac
535 531 641 559 damnis
656 538 785 560 ttteorum
803 534 846 561 vix
866 541 970 568 partem

188 581 204 600 e
219 574 311 601 multis
326 582 406 601 unam
423 578 530 610 assequi
555 579 696 611 memoria,
713 583 740 605 et
753 579 894 614 complecti
910 588 971 607 nar-

189 619 272 646 rando
285 620 434 649 valeamus.
451 623 602 650 Accedebat
620 623 713 651 horum
730 625 908 654 intractabilis
925 635 971 654 na-

189 668 248 690 tura
268 664 448 693 Barbaroruin
465 672 491 694 et
504 669 602 695 eximia
618 677 674 704 pne
690 671 795 698 caeteris
808 672 970 705 pertinacia,

187 714 268 744 atque
282 711 307 737 iu
323 712 384 739 odio
401 714 519 740 nominis
542 714 657 741 Romani
682 716 829 744 obstinatio
859 725 971 752 prorsus

186 757 380 785 irrevocabilis.
395 759 497 786 Nullius
511 768 628 796 unquam
646 769 737 789 eorum
754 763 780 790 in
793 763 844 790 lide
858 771 968 792 suarum

185 803 301 834 partium
325 804 449 833 titubavit
471 811 517 833 aut
546 807 697 835 alternasse
710 809 783 836 visus
801 814 843 837 est
859 815 968 838 sentcn-

186 848 261 874 tiam.
285 847 369 876 Nemo
386 854 425 876 tot
442 859 574 878 annorum
603 854 690 886 spatio
712 855 810 888 quibus
840 856 967 884 bellatum

184 899 237 925 est,
252 901 304 920 non
319 894 378 922 dico
391 900 497 930 sponte,
518 898 566 924 sed
579 905 613 924 ne
627 899 801 933 amplissimis
814 902 920 936 quidem
934 903 967 929 ab

186 939 350 973 imperatore
374 941 504 969 invitatus
525 944 643 977 praemiis
672 945 712 972 vel
735 946 885 974 clanculum
912 948 967 975 l’ur-

184 986 267 1012 timve
280 986 312 1013 ad
327 993 377 1013 nos
394 988 547 1023 transfugit.
565 988 627 1017 Haec
641 990 760 1026 taliaque
774 992 910 1027 Augustus
925 1002 968 1021 re-

184 1037 280 1064 putans
303 1033 456 1061 audendum
474 1043 568 1068 manu,
583 1041 610 1063 et
628 1044 714 1071 genus
731 1037 782 1065 alio
798 1039 878 1066 modo
891 1040 967 1067 indo-

183 1077 277 1105 mitum
299 1077 373 1105 ferro
404 1080 584 1108 excidendum
614 1083 742 1110 censebat
770 1085 965 1121 suadebatque.

182 1122 331 1151 Obstabant
356 1123 524 1160 Nicephorus
540 1127 671 1161 Bryenius
695 1133 722 1156 et
751 1129 966 1161 Maurocatacalo

181 1167 337 1201 Gregorius,
352 1177 430 1204 quem
445 1171 592 1204 imperator
606 1178 714 1208 captum
729 1182 743 1202 a
759 1174 866 1211 Scythis
880 1180 967 1213 pretio

180 1212 359 1247 quadraginta
377 1213 488 1240 millium
505 1217 666 1244 redemerat.
678 1218 726 1246 llis
739 1222 895 1256 neutiquam
909 1224 966 1257 pla-

181 1257 260 1283 celat
275 1265 357 1292 prope
371 1258 471 1285 Istrum
487 1267 547 1287 cum
574 1261 682 1295 Scythis
709 1264 766 1291 acie
785 1266 903 1294 decerni.
932 1268 966 1294 At

181 1300 347 1337 Paizeologus
368 1303 501 1340 Georgius
520 1311 548 1333 et
563 1305 690 1335 Nicolaus
709 1308 924 1340 Maurocalacalo
940 1318 966 1341 et

182 1350 204 1376 si
223 1349 268 1384 qui
290 1351 335 1377 alii
351 1355 432 1378 relate
456 1360 488 1379 ac
514 1353 613 1381 ferocia
637 1355 751 1388 juvenes
776 1358 966 1388 incumbebant

182 1395 338 1430 [requcntes
354 1397 380 1424 in
399 1399 561 1426 sententiam
584 1401 707 1435 Augusti,
734 1404 857 1439 ultroque
881 1406 966 1433 insta-

183 1442 248 1466 bant
262 1445 291 1467 ut
306 1446 382 1469 trans
401 1442 484 1469 Hzemi
501 1448 590 1479 tempe
605 1445 726 1480 duceret,
742 1449 853 1483 acieque
867 1449 893 1476 in
907 1451 965 1485 pla-
978 1442 999 1470 ο

183 1486 248 1512 uitie
263 1486 331 1514 Istro
346 1487 433 1515 vicina
454 1493 554 1516 structa
567 1491 687 1524 prrelium
704 1495 885 1522 committeret
901 1504 962 1524 cum

183 1531 302 1567 Scythis.
327 1533 492 1568 Maguopere
513 1535 583 1562 idem
600 1538 749 1567 suadebant
765 1540 813 1567 lilii
833 1542 886 1569 duo
902 1542 965 1570 Dio-

182 1577 257 1614 genis
271 1578 383 1614 Augusti
399 1580 565 1614 Nicephorus
580 1586 607 1609 et
623 1583 688 1616 Leo,
704 1584 748 1618 qui
768 1590 826 1618 post
841 1592 961 1614 evectum

181 1624 269 1657 ipsum
284 1624 310 1650 in
335 1624 440 1659 imperii
473 1626 576 1660 apicem
596 1635 628 1655 ex
652 1636 684 1656 eo
709 1629 736 1657 in
757 1630 880 1666 Purpura
907 1636 962 1660 nati

179 1673 267 1696 erant.
284 1669 330 1697 Est
348 1675 437 1698 autem
450 1671 572 1706 Purpura
586 1673 729 1702 :edilicium
741 1676 876 1710 quoddam
891 1678 961 1706 intra

180 1719 257 1749 septa
282 1716 427 1751 imperialis
451 1718 542 1753 palatii
557 1719 591 1747 ab
609 1720 665 1753 ipsa
681 1720 739 1748 basi
755 1729 840 1758 usque
853 1724 886 1750 ad
902 1725 964 1752 terti

180 1761 341 1795 suggrundia
359 1763 488 1796 quadrata
503 1770 687 1794 constructum
717 1767 804 1795 l'orma
829 1777 836 1795 :
854 1769 916 1797 hinc
936 1769 962 1798 in

180 1806 349 1839 pyramidem
373 1807 508 1836 desinens.
526 1808 700 1845 Prospectum
718 1813 798 1840 habet
813 1820 887 1840 mare
903 1822 964 1841 ver-

179 1856 237 1883 sus,
253 1850 278 1878 in
292 1859 352 1878 eum
370 1858 474 1887 portum
492 1854 520 1881 in
545 1862 598 1889 quo
615 1857 719 1890 lapidea
736 1859 863 1886 visuntur
881 1860 960 1887 boum

180 1900 207 1922 et
229 1896 335 1924 leonum
352 1899 508 1927 simulacra.
530 1899 592 1927 Sola
620 1903 797 1930 cxbedrarum
827 1910 963 1932 constrata

1024 169 1123 202 πήσας.
1144 168 1211 194 Οὐδὲ
1231 168 1286 203 γὰρ
1311 168 1365 195 ἀπό
1382 177 1453 200 τινος
1472 168 1568 202 καιροῦ
1587 169 1644 194 τῶν
1662 169 1813 203 τεσσάρων

1023 214 1228 249 καταρξάμεναι
1240 215 1267 240 αἱ
1279 214 1333 241 τῶν
1347 213 1459 241 Σκυθῶν
1474 214 1609 248 προνομαὶ
1620 214 1660 244 εἰς
1675 213 1724 239 τὸν
1739 215 1812 248 ἑφε-

1023 260 1072 294 ξῆς
1098 260 1258 294 κατέληγον,
1285 259 1380 294 θέρους
1396 259 1477 294 τυχὸν
1507 260 1547 290 εἰς
1566 258 1612 286 τὸν
1639 260 1738 294 καιρὸν
1756 259 1814 294 τῆς

1022 305 1143 340 ὀπώρας.
1156 306 1172 340 ἢ
1185 305 1231 332 καὶ
1244 305 1379 341 χειμῶνος
1391 305 1420 331 ὲν
1435 304 1598 340 φθινοπώρῳ
1613 305 1810 338 παυσάμεντιι.

1023 350 1089 376 Οὐδὲ
1109 350 1207 381 κύκλος
1218 347 1259 381 εἷς
1271 350 1407 380 ἐνιαύσιος
1422 350 1498 376 τουτὶ
1512 350 1542 375 τὸ
1555 349 1639 376 κακὸν
1655 350 1814 384 περιέγρα-

1021 395 1081 430 ψεν.
1098 395 1169 422 Ἀλλ’
1185 396 1227 429 ἐφ’
1248 395 1350 426 ἱκανοῖς
1372 395 1445 421 ἔτεσι
1461 394 1497 420 τὰ
1517 394 1662 428 Ῥωμαίων
1684 394 1813 429 ὲκυμοιί-

1023 451 1092 472 νετο,
1111 441 1162 468 κᾶν
1181 442 1212 468 ὲκ
1240 440 1344 467 πολλῶν
1369 440 1466 474 ὀλίγων
1485 441 1566 467 τινῶν
1585 440 1662 466 αὐτοὶ
1685 440 1815 474 ἐπεμνή-

1023 488 1136 522 σθημεν.
1152 479 1220 514 otes
1238 486 1343 518 διπλοῖς
1372 486 1557 521 ἐμερίσθησαν
1582 485 1739 520 λογισμοῖς,
1751 486 1812 512 κᾶν

1021 534 1034 560 ὁ
1050 532 1227 568 αὐτοκράτωρ
1241 532 1370 563 πολλάκις
1379 531 1423 557 διὰ
1436 531 1570 558 παντοίων
1581 530 1694 561 τούτους
1713 530 1812 564 ὲςρείλ-

1021 587 1094 606 κετο.
1116 577 1186 604 Ἀλλ’
1204 577 1264 604 οὐδέ
1276 586 1317 608 τις
1330 576 1421 603 λαθὼν
1436 577 1505 612 πρὸς
1519 577 1565 603 τδν
1583 576 1697 611 βασιλέα
1716 578 1813 611 ἀπην-

1020 624 1170 659 τομόλησεν
1192 623 1233 656 ⁸ο,
1264 623 1303 649 ἔτι
1328 622 1493 657 ἀμετάθετον
1515 622 1583 653 τέως
1611 622 1660 656 τὴν
1686 621 1810 656 γνώμην

1021 671 1139 705 ἔχοντες.
1163 670 1192 696 '0
1208 670 1255 704 μὲν
1276 668 1322 695 οὖν
1339 668 1496 704 Νικηφόρος
1509 669 1522 695 ὁ
1541 667 1668 702 Βρυένιος
1680 668 1715 699 ⁸¹,
1734 669 1787 695 καὶ
1798 670 1811 694 ὁ

1021 715 1281 751 Μαυροκατακαλὼν
1296 715 1446 750 Γρηγὸριος
1454 715 1483 741 ὃν
1498 715 1583 749 τιμῆς
1596 714 1812 748 τεσσαράκοντα

1021 763 1148 797 χιλιάδων
1181 764 1195 789 δ
1224 761 1348 795 βασιλεὺς
1365 759 1440 794 παρὰ
1457 760 1511 787 τῶν
1535 759 1647 786 Σκυθῶν
1659 759 1811 786 ἑαλωκότα

1020 809 1144 844 ἐπρίατο,
1170 807 1296 841 οὐδαμῶς
1326 806 1371 832 τδν
1400 806 1470 840 μετὰ
1484 806 1537 832 τῶν
1555 805 1666 832 Σκυθῶν
1689 805 1764 832 κατὰ
1779 805 1811 831 τὸ

1020 854 1176 889 περίστριον
1191 853 1361 887 συνεχώρουν
1384 851 1514 885 πόλεμον.
1537 850 1567 876 Ὀ
1586 851 1614 876 δέ
1638 859 1671 883 γε
1687 851 1810 876 Παλαιο-

1018 900 1097 934 λόγος
1109 899 1255 934 Γεώργιος,
1271 898 1319 923 καὶ
1339 897 1472 927 Νικόλαος
1494 897 1508 922 ὁ
1529 895 1809 932 Μαυροκατακαλὼν,

1019 947 1066 972 καὶ
1079 945 1172 971 ὁπόσοι
1186 944 1260 971 ἄλλοι
1274 943 1329 969 νέοι
1343 942 1390 968 καὶ
1403 941 1583 976 ἀκμάζοντες,
1600 942 1639 977 τῷ
1656 942 1704 968 τοῦ
1725 941 1807 974 βασι-

1018 992 1086 1023 λέως
1103 990 1297 1025 προσκείμενοι
1312 989 1445 1023 θελήματι
1469 988 1620 1021 ἐπέτρεπον
1646 987 1680 1013 τὰ
1708 987 1807 1021 τέμπη

1018 1037 1064 1065 τοῦ
1081 1037 1167 1071 Αἴμου
1182 1035 1237 1071 (86)
1255 1034 1380 1065 διελθεῖν,
1397 1033 1444 1060 καὶ
1457 1033 1565 1060 κατὰτὸ
1576 1034 1740 1067 παρίστριον
1755 1033 1808 1066 τὴν

1020 1083 1089 1118 μετὰ
1106 1082 1161 1108 τῶν
1177 1080 1287 1107 Σκυθῶν
1310 1079 1491 1111 ἀναδέξασθαι
1516 1080 1616 1113 μάχην.
1634 1079 1686 1104 Σὺν
1701 1076 1744 1108 οἷς
1758 1079 1808 1104 καὶ

1018 1131 1043 1155 οι
1058 1129 1104 1155 δύο
1117 1129 1183 1159 υἱεῖς
1199 1126 1339 1160 Διογένους
1351 1124 1399 1151 τοῦ
1422 1124 1622 1158 αὐτοκράτορος
1643 1124 1807 1157 Νικηφόρος

1018 1182 1046 1199 τε
1061 1172 1108 1199 καὶ
1120 1172 1206 1201 Λέων,
1221 1170 1245 1196 οἶ
1262 1170 1330 1204 μετὰ
1350 1169 1380 1195 τὺ
1397 1168 1574 1203 ἀνενεχθῆναι
1597 1167 1679 1194 αὑτὸν
1698 1168 1741 1198 εἰς
1755 1168 1807 1201 τὴν

1017 1219 1067 1253 τῆς
1079 1217 1218 1251 βασιλείας
1243 1215 1387 1250 περιωπὴν
1410 1215 1439 1241 ὲν
1465 1215 1498 1249 τῇ
1516 1214 1645 1249 πορφύρᾳ
1667 1213 1698 1245 ἐξ
1718 1211 1805 1238 αὐτοῦ

1017 1264 1165 1299 ἐτέχθησαν
1177 1263 1210 1289 θ’.
1229 1262 1263 1288 Ἠ
1273 1261 1300 1288 δὲ
1318 1260 1446 1296 πορφύρα
1462 1260 1565 1294 οἴκημά
1589 1259 1617 1285 τι
1635 1260 1693 1285 ἐστι
1730 1258 1805 1284 κατὰ

1016 1311 1050 1337 τὰ
1065 1310 1205 1344 ἀνάκτορα
1220 1307 1248 1340 ἐξ
1262 1307 1346 1341 αὐτῆς
1360 1306 1408 1340 τῆς
1421 1305 1526 1340 βάσεως
1541 1305 1621 1340 μέχρι
1636 1304 1686 1338 τῆς
1701 1304 1804 1339 ὀρόφου

1016 1357 1147 1391 κινήσεως
1156 1355 1200 1381 διὰ
1229 1352 1399 1388 τετραγώνου
1427 1350 1675 1386 συμπληρούμενον
1693 1351 1803 1383 σχήμα-

1016 1412 1071 1435 τος,
1088 1401 1193 1428 ἐκεῖθεν
1213 1400 1241 1427 δὲ
1260 1401 1299 1430 είς
1313 1397 1453 1433 πυραμίδα
1464 1396 1652 1423 ἀποτελευτῶν
1666 1416 1674 1427 ,
1690 1395 1803 1429 ἀφορῶν

1016 1449 1064 1484 μὲν
1088 1448 1125 1478 ὡς
1151 1447 1219 1482 πρὸς
1251 1445 1384 1472 θάλατταν
1410 1443 1479 1478 προς
1503 1442 1549 1468 τὸν
1569 1442 1679 1476 λιμένι,
1711 1439 1801 1474 οὗπερ

1015 1495 1039 1520 οἱ
1062 1493 1182 1527 πέτρινοι
1197 1491 1257 1526 βόες
1285 1490 1333 1517 καὶ
1355 1491 1379 1516 οι
1401 1489 1517 1519 λέοντες,
1536 1487 1580 1514 διὰ
1604 1486 1761 1522 μαρμάρων
1775 1486 1802 1511 δὲ

1014 1540 1044 1566 τό
1069 1547 1098 1564 τε
1130 1538 1227 1571 ἔδαφος
1259 1536 1444 1570 κατέστρωτο,
1472 1535 1519 1561 καὶ
1548 1534 1572 1560 οἱ
1600 1534 1684 1566 τοῖχοι
1706 1539 1802 1565 περιε-

1017 1584 1166 1615 στέλλοντο,
1181 1583 1211 1608 οὺ
1223 1581 1278 1608 τῶν
1290 1580 1436 1615 τυχόντων,
1453 1578 1514 1605 οὐδὲ
1533 1578 1587 1605 τῶν
1602 1578 1690 1604 ἄλλων
1705 1577 1800 1603 ὁπόσος

1014 1628 1233 1664 εὐποριστότεροι
1261 1626 1314 1653 τῶν
1336 1625 1508 1660 τιμιωτέρων
1522 1623 1606 1649 λίθων
1623 1623 1706 1654 εἰσὶν,
1740 1621 1799 1647 ἀλλ’

1015 1677 1043 1710 ἐξ
1063 1673 1100 1702 ὧν
1132 1675 1185 1701 ἀπὸ
1216 1673 1327 1707 Ῥώμης
1348 1672 1372 1698 οἱ
1400 1669 1542 1703 ἀνέκαθενς
1559 1668 1681 1704 βασιλεῖς
1698 1666 1800 1693 Ense-3-

1017 1730 1098 1757 ραντο
1112 1721 1144 1746 ⁸³.
1164 1720 1242 1746 Ἔστι
1253 1718 1280 1745 δὲ
1296 1714 1373 1748 οὗτος
1386 1717 1400 1743 ὁ
1416 1716 1490 1747 λίθος
1501 1715 1568 1746 ὅλως
1584 1714 1606 1730 ⁸⁸
1618 1713 1716 1745 εἰπεῖν,
1731 1720 1800 1757 πορ‹

1016 1756 1119 1802 ῲυροῦς
1133 1766 1168 1792 δι’
1182 1764 1254 1795 ὅλου,
1267 1763 1315 1790 καὶ
1331 1760 1388 1789 οἷον
1403 1761 1543 1795 στίγματά
1555 1767 1615 1785 τινα
1637 1756 1799 1792 ψαμμοειδῆ

1015 1812 1101 1839 λευκὰ
1117 1811 1192 1846 αὑτῷ
1205 1809 1424 1845 περιτρέχουσιν.
1445 1807 1494 1833 Ἐκ
1513 1803 1627 1832 τουτωνὶ
1641 1804 1695 1830 τῶν
1716 1802 1800 1828 λίθων

1016 1856 1094 1892 οἶμαι
1122 1855 1266 1891 πορφύραν
1290 1854 1321 1881 τὸ
1348 1854 1463 1888 οἴκημα,
1492 1852 1518 1878 οι
1537 1850 1671 1878 ἀνέκαθεν
1692 1848 1799 1882 ὠνόμα-

1018 1913 1077 1932 σαν.
1097 1904 1166 1931 Ἀλλ’
1181 1904 1248 1938 ὅπερ
1259 1902 1363 1936 ἔλεγον.

182 1949 319 1970 marmore
336 1945 475 1978 :parietes
504 1951 658 1974 crustarum
690 1955 723 1974 ex
753 1950 846 1976 eodem
874 1951 963 1985 lapide
983 1951 1095 1978 tectorio
1113 1950 1249 1978 renident.
1274 1948 1393 1974 Marmor
1404 1953 1484 1981 porro
1499 1945 1570 1972 istud
1604 1950 1657 1971 non
1674 1943 1708 1970 de
1738 1940 1798 1968 vul-

179 1987 238 2025 gari
259 1995 369 2022 genere,
402 1993 449 2015 aut
478 1990 592 2017 modicis
626 1992 747 2025 parabile
779 1995 1058 2029 sumptibus,verum
1092 1995 1224 2030 ejusmodi
1238 1993 1308 2028 quod
1327 1995 1437 2027 propter
1453 1990 1580 2018 eximiam
1608 1988 1795 2016 excellentia»:

179 2035 285 2070 priores
301 2035 481 2068 imperatores
494 2038 604 2071 quando
619 2038 712 2065 sedem
737 2040 843 2074 imperii
878 2041 1038 2076 Byzantium
1065 2041 1264 2069 transtulerunt
1292 2040 1433 2072 deportare
1457 2037 1510 2064 huc
1547 2043 1632 2070 usque
1664 2042 1679 2062 a
1710 2035 1796 2063 Rom:

180 2084 270 2107 vetere
283 2079 351 2106 t-auti
364 2079 501 2108 duxerint.
517 2080 565 2107 Est
585 2082 608 2108 is
625 2081 695 2116 lapis
725 2091 876 2118 purpureus
901 2086 958 2113 fere
978 2090 1050 2114 totus
1068 2095 1074 2113 :
1089 2086 1141 2113 nisi
1173 2085 1243 2119 quod
1268 2081 1404 2118 punctulis
1441 2087 1554 2108 arenosa
1573 2081 1703 2108 tenuitate
1735 2090 1796 2116 pas-

178 2127 229 2153 sim
246 2126 377 2161 inspersis
398 2127 542 2154 candicat:
558 2136 669 2163 meaque
684 2132 819 2159 sententia
834 2137 885 2167 est,
902 2141 917 2160 a
931 2133 1021 2161 colore
1048 2135 1144 2161 horum
1157 2133 1276 2166 lapidum
1297 2129 1386 2157 aulam
1411 2129 1490 2156 istam
1502 2127 1652 2161 Purpuram
1672 2136 1685 2154 a
1699 2129 1795 2163 priscis

177 2173 288 2200 dictam.
305 2173 395 2200 Redeo
410 2173 442 2199 ad
458 2180 525 2200 rem.

212 2218 279 2245 Cum
298 2218 393 2245 victrix
411 2218 528 2244 audendi
546 2221 679 2248 sententia
710 2222 833 2250 tubarum
846 2225 955 2259 undique

1057 2225 1100 2255 Ὠς
1127 2221 1173 2249 οὖν
1199 2223 1216 2257 ἡ
1243 2220 1360 2254 σάλπιγξ
1393 2218 1464 2254 μέγα
1489 2218 1615 2253 ὴχήσασα
1634 2218 1722 2245 ἅπασι
1746 2221 1793 2253 τὴν

178 2263 354 2298 clangoribus
377 2264 428 2291 iter
444 2263 477 2290 ad
495 2263 614 2292 Haemum
635 2266 763 2295 adversus
783 2269 898 2304 Scythas
917 2271 955 2298 in-

1017 2269 1084 2305 προς
1097 2269 1143 2296 τὸν
1159 2265 1245 2302 Αἷμον
1260 2267 1317 2293 ὁδὸν
1330 2265 1410 2292 οἱονεὶ
1425 2263 1494 2291 κατὰ
1515 2263 1569 2290 τῶν
1584 2263 1695 2291 Σκυθῶν
1713 2267 1793 2300 πρού-

700 2325 798 2356 Varize
818 2325 971 2358 lectiones
996 2336 1034 2357 cx
1050 2327 1119 2357 cod.
1139 2324 1272 2355 Coislin.

213 2373 234 2388 ⁸³
261 2372 366 2398 τουτονὶ
380 2371 442 2397 τῶν,
482 2371 514 2412 ’θ’
530 2371 756 2412 ἀπηυτομολησεν
804 2377 825 2392 σι
843 2377 995 2411 Βρυέννιος.
1016 2377 1061 2412 Sic
1076 2383 1184 2412 semper
1196 2379 1266 2410 post.
1279 2375 1300 2389 δ’
1315 2371 1626 2408 ἐτέχθησαν.κάντεῦῠεν
1657 2383 1791 2411 πορφυρο-

179 2407 302 2442 γὲννητοι
330 2405 598 2442 προσηγορεύθησαν.
617 2405 642 2444 ή’
737 2411 760 2426 ⁵³
775 2405 946 2447 ἐπεσύροντο.
974 2405 1007 2428 ’“
1023 2411 1053 2438 τὸ
1067 2412 1136 2438 ὅλον.

706 2487 775 2517 Car.
791 2487 952 2518 Dufresnii
966 2489 1013 2518 Du
1034 2488 1147 2527 Cangii
1170 2491 1264 2518 noue.

216 2537 272 2571 (86)
290 2538 328 2564 Τὰ
342 2538 437 2572 τέμπη
451 2537 502 2565 τοῦ
517 2538 623 2572 Αἵμου.
640 2537 740 2573 Tempe
752 2538 851 2565 montis
865 2537 960 2571 lia'mi,

180 2572 318 2603 clusuras,
344 2580 390 2608 seu
408 2574 573 2604 στενωποὺς,
591 2577 620 2600 ιιι
636 2572 714 2600 vocat
738 2573 960 2608 'l‘beopbylactus

180 2608 350 2642 Symocatta.
376 2607 424 2634 lib.
441 2616 471 2639 ιι,
486 2615 547 2641 rap.
570 2608 613 2640 ll,
632 2607 764 2634 describit
780 2607 959 2635 Leuni'lavius

180 2641 208 2668 in
224 2642 311 2677 Band.
327 2641 407 2668 Turc.
425 2650 452 2669 n.
475 2642 524 2669 107
545 2652 551 2669 :
569 2642 600 2668 lu
620 2642 759 2669 Thraciam
777 2651 809 2669 ea:
830 2642 958 2677 Bulgaria

180 2676 337 2710 profecturi;
348 2677 445 2711 duplex
463 2678 511 2704 iter
528 2683 566 2704 est
577 2678 611 2704 ad
622 2678 799 2711 superandum
813 2677 934 2705 llwmum
948 2686 957 2704 :

181 2719 247 2747 tutus
261 2711 349 2738 aditus
365 2721 379 2737 η
400 2711 514 2746 Trojano
526 2713 655 2746 plerisque
671 2718 779 2746 putatur
794 2712 892 2747 factus,
910 2712 955 2739 ubi

180 2746 265 2773 adhuc
288 2747 419 2780 quadrato
447 2749 531 2781 lupilc
559 2752 635 2782 porta
666 2746 952 2783 ntaIinta'spertatur;

1015 2539 1082 2565 alter
1107 2539 1140 2565 ad
1161 2547 1270 2573 parvum
1284 2543 1320 2565 est
1339 2546 1454 2570 amnem,
1474 2546 1548 2572 quem
1560 2538 1718 2573 rStodiﬁtzam
1731 2537 1791 2564 Bul-

1013 2575 1074 2606 gari
1090 2578 1191 2600 vocant.
1211 2573 1275 2600 Vide
1293 2574 1416 2600 eumdem
1437 2582 1464 2599 η.
1478 2573 1525 2600 20.
1545 2572 1620 2599 Viam
1637 2572 1749 2603 Traiani
1766 2573 1789 2598 in

1013 2608 1104 2635 llaemo
1124 2614 1213 2635 monte
1237 2608 1361 2642 agnascit
1390 2608 1471 2634 etiam
1490 2607 1650 2638 Siuiocatta,
1668 2607 1717 2634 lib.
1734 2615 1787 2637 vtu,

1011 2651 1071 2676 cap.
1087 2643 1120 2675 Δις
1139 2647 1242 2673 portas,
1259 2651 1306 2670 seu
1327 2642 1446 2668 claustra
1461 2643 1489 2669 S.
1507 2642 1597 2668 Basilii
1615 2642 1715 2668 ibidem
1735 2649 1787 2668 me-

1010 2683 1117 2705 morant
1137 2677 1290 2704 Willelmus
1313 2677 1422 2712 Tyrius,
1433 2677 1485 2712 lib.
1508 2684 1536 2708 ιι,
1553 2684 1612 2711 cap.
1629 2677 1663 2712 ις
1677 2681 1705 2704 et
1719 2677 1788 2702 Ano-

1009 2721 1117 2747 nytuus.
1135 2713 1170 2739 De
1187 2712 1307 2745 Expedit.
1324 2711 1411 2740 Ᾱδὶαι.
1426 2711 1508 2740 Fred.
1526 2712 1551 2740 Ι,
1566 2712 1640 2739 Adde
1655 2711 1786 2746 Busbecq.

1008 2748 1033 2774 in
1053 2747 1146 2775 ltiner.
1161 2747 1216 2776 (ΣΡ.
1233 2755 1293 2782 pag.
1306 2747 1350 2774 26.
