1867 3046
16 131 60 162 δῖ’(
629 129 834 160 ALEXIADIS
854 129 928 160 LIB.
948 129 1015 160 VII.

1558 132 1612 164 538

15 186 126 219 τρέπετο,
140 184 154 210 ὁ
163 182 290 219 Βρυὲνὶος
304 183 390 210 πολλά
403 168 515 210 κωλιῦων
529 183 574 210 τὸν
589 184 752 219 αὐτοκράτορ

873 183 980 211 cutibus
997 183 1223 218 promulgaretnr,
1241 183 1372 220 Bryenius
1390 184 1482 212 multis
1497 191 1610 214 conatus

15 231 54 257 τοῦ
66 229 270 265 ἐγχειρήματος,
284 229 320 261 ὡς
336 230 386 256 οὐκ
401 229 518 262 ἔπειθεν,
531 230 781 264 ἐπιφωνηματικῶς

15 277 57 311 ἔτη
72 276 102 292 ⁸⁵·
118 276 206 307 Ἶσθι,
226 271 248 301 ὦ
260 275 402 307 βασιλεῦ,
419 275 445 301 ει
468 275 521 302 τὸν
530 273 623 310 Αἷμον
635 275 779 308 διέλθητε,

15 321 74 353 τοὺς
82 319 310 355 δρομικωτέρους
321 320 381 346 τῶν
391 320 491 346 ἳππων
497 320 679 354 δοκιμάσεις.
696 320 781 353 Ἐρω-

15 367 129 400 τήσαντος
144 365 172 392 δέ
186 373 257 397 τινος
275 366 300 392 τί
313 367 327 392 ὁ
336 365 414 399 λόγος
427 365 517 392 οὑτοσὶ
532 365 666 399 βούλεται,
681 364 734 392 Ἐν
742 365 781 398 τῷ

15 413 131 446 φεύγειν,
146 411 238 446 φησὶν,
253 411 397 444 ἅπαντας.
414 409 498 444 Οὗτος
510 412 564 447 γὰρ
577 413 590 439 ό
605 413 684 447 ἀνὴρ,
700 413 723 438 εἰ
734 411 781 438 καὶ

15 457 66 488 τοὺς
92 457 244 491 ὀφθαλμοὺς
269 456 303 483 δι’
327 457 497 484 ἀποστασίαν
522 457 695 490 ἐξεκέκοπτο,
714 457 781 483 ἀλλά

15 503 38 529 τό
53 511 81 535 γε
101 503 139 533 είς
156 503 417 537 στρατηγικωτάτην
441 503 539 538 βουλὴν
565 504 612 530 καὶ
629 503 781 538 παράταξιν

15 548 148 579 ἰεινότατος
160 548 214 574 τῶν
226 547 330 575 πολλῶν
342 549 390 575 καὶ
401 549 596 580 ποικιλώτατος
605 549 779 584 ὶγνωρίζετο.

15 593 96 624 Ὅπως
108 593 136 619 δὲ
152 593 206 619 τῶν
221 594 354 628 ὀμμάτων
368 593 382 619 ό
397 594 646 628 πριμνημονευθεὶς
659 594 681 610 ⁸⁸
695 593 781 628 Βρυέ-

15 647 59 669 νιος
83 639 252 674 ἀπεστέρητο
276 639 310 666 δι’
336 640 507 666 ἀποστασίαν
547 641 563 676 ἦ
597 640 781 667 ἐπανάστασιν

15 684 72 710 κατὰ
86 684 129 710 τοῦ
141 685 339 720 αὐτοκράτορος
356 685 544 718 Βοτανειάτου,
562 686 609 711 καὶ
626 686 677 718 ὅτι,
706 685 781 720 παρὰ

15 730 52 756 τοῦ
75 730 215 765 Κομνηνοῦ
238 731 357 763 Ἀλεξίου
384 732 444 758 τότε
471 732 591 766 μεγάλου
618 731 779 765 δομεστίκου

15 775 176 809 τυγχάνοντος
188 776 241 802 τῶν
255 776 371 803 δυτικῶν
394 785 424 803 τε
451 777 498 803 καὶ
515 777 681 803 ἀνατολικῶν
697 785 780 811 στρα-

16 821 141 854 τευμάτων
167 822 359 857 κατασχεθεὶς,
376 822 414 857 τῷ
439 823 558 858 Βορίλλῳ
574 822 710 857 παρεδόθη
731 822 780 853 τὰς

15 866 76 900 idsi;
92 867 218 899 ἀϐλαϐεῖς
232 868 312 903 ἔχων,
328 869 398 900 τοὺς⁸
407 869 549 900 ἐθέλοντας
563 869 775 904 λεπτομερέστε-

17 920 54 946 ρον
78 913 180 947 μαθεῖν,
198 914 424 948 παραπέμπομεν
442 914 482 945 εἰς
499 914 545 940 τὸν
563 915 693 949 μέγιστον
709 915 779 940 Καί-

17 966 84 992 σαρι.
107 958 133 984 Ὁ
147 958 201 994 γὰρ
226 960 334 994 Καῖσαρ
348 956 426 991 οὗτος
449 959 497 986 τοῦ
516 960 564 994 μὲν
588 960 706 992 Ἀλεξίου
729 960 778 994 ἤδη

15 1004 41 1030 τὰ
59 1005 195 1038 Ῥωμαίων
209 1005 347 1036 διέποντος
358 1006 496 1040 σκῆπτρα,
510 1006 635 1040 γαμϐρὸς
648 1006 779 1039 ἐγεγόνει,

16 1049 53 1075 τοῦ
66 1049 90 1075 δὲ
103 1050 229 1084 Βρυενὶου
247 1051 350 1077 ἐκείνου
367 1051 500 1085 ἀπόγονος
516 1051 582 1085 (ετ).
602 1051 674 1077 Ἀλλ’
687 1051 780 1077 ἐνταυ-

17 1094 49 1119 θιῖ
61 1095 185 1129 γενομένη
202 1097 351 1131 συνέχομαι
368 1097 417 1132 τὴν
432 1097 532 1131 ψυχὴν,
546 1096 594 1123 τοῦ
618 1096 666 1123 καὶ
679 1096 781 1127 πάθους

16 1140 196 1175 ἐμπίμπλαμαι
211 1141 244 1167 ⁸⁷.
260 1142 345 1175 Σοφδς
361 1142 409 1176 μὲν
421 1143 474 1177 γὰρ
491 1141 539 1177 τὴν
557 1142 671 1176 γνώμην
688 1139 721 1176 ἦν
735 1138 780 1166 οὖ-

16 1193 52 1215 τος
74 1187 86 1212 ό
107 1186 187 1222 ἀνὴρ,
205 1187 313 1213 καὶτὸν
341 1188 418 1221 λόγον
436 1188 600 1221 σοφώτατος.
617 1187 708 1213 Πάντα
727 1187 781 1220 γὰρ

16 1232 54 1256 καὶ
78 1231 164 1266 ῥώμη,
194 1233 242 1259 καὶ
271 1233 361 1267 τάχος,
380 1233 426 1259 καὶ
458 1233 555 1264 κάλλος
572 1233 707 1267 σώματος,
735 1231 782 1258 καὶ

17 1276 95 1307 ἁπλῶς
108 1278 134 1308 ἐς
150 1278 249 1304 ταυτὸν
262 1278 284 1293 ⁸⁸
302 1278 461 1304 συνελθόντα
477 1279 526 1304 ὅσα
552 1278 641 1313 ψυχῆς
663 1278 711 1303 καὶ
728 1277 781 1304 σώ-

18 1323 185 1356 ματοςάγαθὰ
198 1324 245 1349 τὸν
257 1324 341 1359 ἄνδρα
354 1325 457 1352 ἐκεῖνον
470 1325 633 1359 ἐκόσμησεν.
648 1324 715 1350 Ἕνα
727 1323 782 1359 γὰρ

17 1368 84 1394 αὺτὸν
100 1370 127 1395 ἐν
153 1370 211 1401 τοῖς
228 1370 329 1397 ἅπασιν
343 1370 507 1404 ἐξοχώτατοι)
522 1369 569 1396 καὶ
582 1370 598 1402 ἡ
625 1369 705 1402 φύσις
720 1371 783 1396 ἀνε-

18 1413 145 1448 ίλάττησε,
162 1415 211 1441 καὶ
226 1415 241 1441 ὸ
257 1415 324 1446 Θεὺς
350 1415 561 1450 ἐδημιούργησε.
589 1415 644 1441 Καὶ
659 1412 714 1440 οἷον
737 1414 783 1440 τὸν

23 1458 129 1491 Ἀχιλλέα
155 1459 278 1493 ὕμνησεν
291 1460 415 1494 Ὅμηρος
430 1460 459 1486 ἐν
473 1461 528 1491 τοῖς
541 1459 676 1494 ἀρχαίοις,
696 1458 785 1485 τοιοῦ-

832 231 1021 264 imperatorem
1040 229 1073 256 ab
1093 230 1199 263 incepto
1226 236 1362 262 revocare,
1379 231 1455 265 191
1476 235 1505 258 ut
1526 233 1612 260 sensit

831 283 860 303 se
873 276 952 303 verba
974 276 1097 310 perdere.
1111 275 1144 302 ad
1159 279 1309 303 extremum
1330 284 1337 303 :
1356 275 1400 303 Sic
1416 277 1492 309 habe,
1511 277 1610 312 inquit,

830 321 955 355 Auguste,
969 321 992 347 si
1011 320 1129 347 Haemum
1151 320 1220 347 ultra
1233 322 1421 354 processeritis,
1441 322 1610 355 explorabitt‘s

830 371 955 402 quantum
967 374 1090 401 equorum
1105 367 1212 402 quisque
1225 367 1310 393 valeat
1324 375 1412 394 curru.
1425 368 1537 395 Cuidam
1548 376 1613 396 vero
1654 360 1658 364 .

831 413 1000 447 percontanti
1017 422 1024 440 :
1043 414 1106 448 quid
1129 413 1179 440 sibi
1198 414 1248 440 hoc
1263 413 1360 440 vellet?
1389 413 1522 440 Nimirum
1549 415 1612 440 dum

832 466 920 485 omnes
936 459 1046 493 fugient,
1066 458 1211 492 respondit.
1230 457 1293 484 Erat
1306 457 1328 484 is
1342 457 1392 488 vir.
1410 465 1563 492 quanquam
1577 458 1613 485 ob

832 503 1002 530 rebellionem
1029 503 1156 530 multatus
1178 502 1274 534 oculis,
1290 502 1507 530 consultissimus
1522 507 1612 529 tamen

831 549 919 576 adlntc
938 549 1094 576 bellicarum
1113 556 1202 576 rerum
1222 557 1229 575 :
1249 549 1285 575 ita
1303 553 1332 574 ut
1347 555 1379 575 eo
1395 556 1474 575 nemo
1494 549 1613 575 circum-

832 595 961 627 spectius,
982 601 1060 621 nemo
1079 594 1181 621 certius
1195 594 1226 620 de
1242 593 1386 620 momentis
1400 593 1563 626 praeliorum.
1580 593 1614 620 de

832 639 897 667 aciei
916 639 1012 671 forma,
1037 639 1070 666 de
1095 643 1148 666 tota
1177 638 1282 665 ratione
1311 638 1449 671 multiplici
1484 645 1515 664 ae
1538 637 1612 664 varia

833 685 955 712 trahendi
976 684 1152 718 patrandique
1169 684 1230 710 belli
1247 684 1407 710 sententiam
1424 683 1535 710 diceret.
1553 683 1612 716 Quo

832 731 875 758 ille
889 738 953 758 casu
969 730 1099 764 cujusque
1111 730 1185 764 jussu
1205 736 1237 756 ac
1253 736 1332 755 manu
1358 727 1541 755 calamitatem
1558 735 1612 754 εξε-

832 777 925 805 citatis
937 776 1063 803 inciderit
1075 795 1082 808 ,
1101 779 1184 810 utque
1207 775 1292 810 ipsum
1304 774 1431 801 adversus
1446 773 1612 800 Botonlatem

833 824 981 858 Augustum
995 822 1056 848 forti
1074 829 1135 848 cum
1148 823 1267 849 exercitu
1282 828 1336 847 rem
1352 824 1488 854 gerentem
1503 818 1612 845 Alexius

835 873 897 895 tunc
911 875 1022 902 magnus
1035 867 1195 894 domesticus
1209 869 1235 893 et
1250 865 1333 899 copiis
1346 864 1484 891 orientalis
1494 863 1615 898 occidui-

833 922 884 948 que
897 914 989 941 limitis
1006 913 1167 948 prtepositus
1190 912 1247 939 acie
1264 911 1363 938 victum
1389 915 1551 944 captumque
1563 908 1614 935 Bo-

834 961 883 987 rilo
903 960 1053 991 tradiderit,
1081 958 1147 985 nihil
1171 958 1258 985 adhuc
1277 957 1303 983 in
1326 957 1411 983 oculis
1441 956 1545 987 laesum,
1567 954 1612 988 qui

834 1013 914 1033 nosse
927 1005 1080 1032 distinctius
1094 1003 1239 1038 cupierint.
1258 1010 1304 1029 eos
1316 1002 1348 1028 ad
1362 1001 1507 1028 maximum
1520 1000 1612 1027 remit-

834 1051 914 1077 timus
928 1050 1075 1082 Czesarem,
1092 1049 1135 1083 qui
1147 1049 1235 1075 Alcxii
1247 1047 1368 1082 ejusdem
1387 1046 1482 1073 deinde
1500 1044 1614 1079 Augusti

834 1104 916 1130 genter
935 1096 994 1127 l'nit,
1017 1095 1143 1129 idemque
1162 1093 1269 1128 Bryenii
1298 1092 1376 1120 istius
1394 1099 1488 1126 nepos.
1513 1090 1614 1117 Verum

834 1143 892 1169 haec
916 1141 1078 1168 memoranti
1093 1139 1247 1174 scriptionis
1264 1137 1431 1172 propositum
1445 1136 1542 1163 excidit
1553 1155 1561 1166 .
1587 1139 1616 1162 et

835 1187 914 1214 unius
927 1185 1071 1212 mentionis
1086 1184 1223 1211 admonitu
1244 1183 1390 1209 revolvitur
1407 1182 1432 1208 in
1454 1181 1614 1207 familiarem

835 1232 936 1259 luctum
953 1231 1028 1265 gravi
1044 1229 1178 1257 desiderio
1194 1230 1247 1255 icta
1263 1236 1348 1262 meps.
1373 1228 1429 1254 Heu
1447 1226 1525 1261 quale
1542 1225 1616 1251 colu-

836 1285 895 1305 men
911 1281 1097 1312 quantumque
1121 1275 1198 1302 nobis
1225 1276 1306 1301 decus
1332 1274 1359 1301 in
1388 1273 1495 1301 Caesare
1521 1276 1617 1299 nostro

835 1324 1001 1351 subtractum
1018 1327 1068 1353 est.
1088 1322 1145 1348 viro
1167 1322 1193 1347 in
1207 1328 1286 1355 quem
1302 1319 1432 1353 sapientia
1447 1323 1473 1345 et
1490 1317 1618 1351 eloquen-

838 1370 884 1402 tia,
900 1369 993 1400 robur,
1011 1367 1126 1402 agilitas,
1150 1367 1246 1398 forma,
1270 1368 1338 1393 bona
1364 1364 1484 1399 corporis
1516 1363 1618 1397 pariter

837 1416 964 1444 universa
989 1421 1048 1440 cum
1066 1413 1192 1440 omnibus
1217 1420 1269 1439 una
1286 1411 1365 1438 simul
1383 1410 1492 1438 dotibus
1522 1408 1617 1440 animi,

837 1461 930 1498 quales
943 1461 1054 1495 singulas
1069 1459 1186 1494 singulos
1202 1458 1307 1484 aliunde
1317 1456 1538 1484 commendarent
1555 1461 1618 1480 rars

17 1511 54 1529 τον
65 1504 94 1530 ἄν
106 1513 148 1536 τις
175 1503 239 1531 εἷπε
254 1505 300 1532 τὸν
315 1505 380 1540 ἐμὸν
398 1506 522 1540 Καίσαρα
546 1505 574 1531 ὲν
589 1506 645 1536 τοῖς
672 1505 725 1531 ὑπὸ
739 1513 754 1531 τ

880 1507 1017 1535 tsensione
1032 1506 1225 1533 convenéranl.
1243 1504 1316 1532 Ultus
1332 1503 1412 1538 plane
1429 1503 1452 1530 is
1472 1507 1528 1530 erat
1544 1505 1571 1528 in
1591 1501 1617 1527 id

18 1549 78 1582 ἣλιον
100 1550 202 1577 ἅπασιν
218 1551 421 1586 ἀναπεφηνότα.
438 1549 522 1582 οὗτος
534 1550 625 1577 τοίνυν
640 1552 653 1577 ό
677 1551 784 1585 Καῖσαρ

18 1596 55 1620 ul.
69 1595 99 1622 τὰ
116 1596 300 1631 στρατιωτικὰ
327 1595 448 1630 γεγονὼς
475 1597 586 1631 ἄριστος
617 1596 668 1622 οὐκ
687 1596 786 1630 ἀμελε-

19 1640 91 1673 τήτως
104 1641 164 1676 ἔσχε
182 1642 251 1676 πρὸς
272 1641 378 1676 λόγους.
402 1642 483 1669 Ἀλλά
506 1643 596 1668 πᾶσαν
614 1641 705 1676 βίϐλον
719 1643 785 1669 ἀνα-

20 1686 184 1721 πτυξάμενος,
209 1687 257 1714 καὶ
273 1688 313 1718 είς
328 1688 419 1714 πᾶσαν
442 1688 600 1723 ἐπιστήμην
621 1688 786 1722 ἐγκεκυφὼς

20 1731 103 1766 πολλὴν
130 1733 228 1767 σοφίαν
250 1733 354 1760 ἐκεῖθεν
373 1733 504 1768 ἠρύσατο,
526 1734 577 1768 ὅση
595 1742 625 1760 τε
652 1733 785 1769 ἡμετέρα.

21 1776 59 1801 καὶ
80 1777 126 1811 ὂση
156 1777 223 1805 ποτὶ
240 1777 289 1812 οὐχ
306 1778 438 1813 ἡμετέρα.
461 1777 594 1813 Ὕστερον
608 1777 636 1804 δὲ
659 1778 705 1804 καὶ
719 1778 786 1812 πρὸς

20 1824 164 1857 συγγραφὰς
183 1823 316 1856 ἐξέδωκεν
331 1822 436 1854 ὲαυτδν;
449 1823 498 1850 καὶ
512 1823 544 1858 δὴ
557 1824 603 1850 καὶ
616 1822 787 1857 σύγγραμμα

19 1867 42 1899 ἐξ
61 1869 185 1904 ἐπιταγῆς
204 1869 252 1903 τῆς
274 1868 344 1903 ἐμῆς
362 1869 516 1900 δεσπότιδος
546 1870 592 1895 καὶ
606 1869 718 1903 μητρὸς,
739 1869 788 1902 τῆς

20 1911 147 1947 βασιλίδος,
167 1914 253 1949 φημὶ,
273 1914 402 1949 Εἰρήνης,
427 1914 582 1949 ὲσχεδίασεν
608 1915 683 1946 ἄξιον
708 1914 787 1947 λόγου

21 1959 58 1984 καὶ
85 1960 283 1993 ἀναγνώσεως,
309 1961 430 1994 ἱστορίαν
460 1959 630 1994 συντεταχώς
657 1960 711 1986 τῶν
736 1960 789 1994 πρὸ

21 2005 58 2037 τοῦ
71 2006 250 2040 ἀναδήσασθαι
265 2007 314 2038 τάς
334 2006 383 2040 τῆς
398 2005 536 2040 βασιλείας
560 2005 638 2040 ἡνίας
660 2005 789 2040 πράξεων

21 2049 106 2082 τούμοῦ
122 2050 237 2084 πατρὸς,
253 2050 282 2076 ἐν
335 2050 368 2077 τὰ
391 2050 462 2076 κατὰ
475 2049 521 2076 τὸν
538 2049 663 2084 Βρυένιον
677 2049 790 2084 ἀκριϐέ-

23 2102 102 2128 στερον
114 2095 300 2130 ἐπεξέρχεται.
325 2095 381 2122 Καὶ
403 2094 470 2129 ὁμοῦ
485 2094 534 2126 τάς
549 2102 578 2120 τε
591 2093 639 2120 τοῦ
655 2093 789 2128 προγόνου

22 2141 150 2175 συμφορὰς
173 2141 212 2172 ὡς
227 2141 334 2175 ἀληθῶς
348 2141 520 2175 ἀφηγήσατο,
532 2139 578 2166 καὶ
602 2139 651 2170 τὰς
665 2139 712 2166 τοῦ
725 2148 788 2166 πεν-

838 1561 852 1580 a
869 1557 964 1579 natura
980 1552 1079 1584 editus,
1096 1558 1111 1577 a
1129 1551 1182 1578 Deo
1204 1550 1292 1581 ﬂetus,
1309 1555 1339 1577 ut
1361 1550 1480 1588 omnium
1504 1547 1530 1573 in
1546 1545 1618 1573 omni

837 1606 934 1634 genere
967 1597 1218 1632 praestantissimus,
1249 1597 1349 1623 variam
1367 1597 1420 1621 vim
1447 1601 1479 1621 ac
1506 1592 1618 1619 formam

837 1645 1003 1672 diversarum
1019 1643 1126 1669 laudum
1141 1641 1255 1675 exempli
1273 1641 1353 1668 unius
1377 1640 1445 1666 miro
1459 1637 1619 1672 compendio

838 1689 994 1723 colligeret;
1011 1695 1060 1714 nec
1076 1688 1165 1714 dicere
1173 1685 1352 1713 dubitaverim
1365 1684 1471 1720 qualem
1487 1691 1519 1710 ac
1534 1690 1621 1716 quatt-

839 1739 896 1760 tum
913 1732 1046 1759 Homerus
1067 1731 1214 1759 celebravit
1237 1730 1366 1757 Achillem
1396 1730 1466 1756 inter
1490 1728 1619 1759 Graecos,

839 1778 918 1806 talem
932 1784 1038 1809 revera,
1057 1776 1194 1811 nihiloque
1210 1775 1363 1802 inferiorem
1385 1774 1520 1801 Caesarem
1534 1773 1622 1800 exsti-

840 1825 905 1851 tisse
921 1830 1010 1850 meum
1027 1823 1098 1849 inter
1113 1829 1207 1849 omnes
1224 1822 1268 1855 qui
1291 1822 1340 1848 sub
1351 1820 1409 1848 sole
1425 1821 1530 1847 vivunt.
1547 1818 1620 1845 Idem

839 1869 942 1896 bellicis
954 1873 1044 1902 aptus,
1057 1868 1128 1895 idem
1151 1867 1301 1901 tranquillis
1331 1866 1446 1893 artibus.
1477 1864 1622 1891 Dubitares

840 1914 960 1950 magisne
990 1914 1024 1941 ad
1044 1918 1131 1948 togam
1147 1920 1182 1940 an
1199 1913 1232 1940 ad
1244 1912 1367 1939 militiam
1381 1915 1460 1938 natus
1474 1910 1620 1936 videretur.

840 1959 892 1986 Par
907 1959 1042 1994 ingenium
1060 1959 1150 1986 robori
1167 1967 1175 1986 :
1191 1966 1240 1986 nec
1254 1957 1394 1985 contentio
1405 1961 1451 1983 aut
1467 1954 1621 1983 constantia

840 2005 931 2039 dispar
943 2005 968 2031 in
984 2004 1114 2032 utriusvis
1129 2003 1302 2030 meditatione
1330 2002 1447 2029 virtutis.
1466 2000 1550 2027 Nemo
1576 1999 1623 2026 illo

841 2050 940 2080 tritior,
968 2056 1047 2076 nemo
1063 2049 1200 2076 subactior
1217 2049 1244 2076 iu
1259 2049 1332 2076 omni
1349 2048 1534 2082 experimento
1551 2045 1623 2071 mili-

843 2094 910 2121 taris
926 2094 1082 2126 functionis,
1096 2095 1128 2121 ad
1141 2101 1221 2128 quam
1235 2099 1262 2120 et
1276 2093 1354 2120 unice
1376 2093 1463 2119 lactus
1477 2090 1603 2117 audiebat
1615 2097 1623 2122 ;

844 2147 924 2167 nemo
936 2147 1030 2166 rursus
1043 2141 1138 2167 eodem
1155 2140 1181 2166 in
1192 2139 1340 2173 disciplinis
1352 2137 1535 2168 exercitatior,
1546 2143 1625 2162 nemo

23 2185 89 2219 ὒεροῦ
114 2187 255 2221 ἀριστείας
276 2186 442 2220 συνέγραψε,
461 2186 511 2211 καὶ
523 2185 572 2211 οὐκ
596 2185 630 2211 ἂν
644 2184 760 2219 ὲψεύσατ

891 2185 1043 2219 eloquentia
1063 2184 1194 2219 paratior.
1214 2184 1298 2217 Quem
1312 2183 1356 2210 ille
1371 2183 1468 2210 librum
1485 2189 1536 2208 non
1552 2180 1624 2207 evol-

24 2232 110 2266 καίπερ
121 2233 142 2248 ⁸³
158 2233 259 2267 ἀμφοῖν
273 2232 310 2263 ὠς
323 2231 369 2258 τοῦ
386 2232 436 2266 μὲν
452 2231 608 2264 ἀγχιστεὺς,
623 2229 669 2256 τοῦ
683 2231 711 2256 δὲ
727 2229 790 2257 καθ’

23 2274 80 2309 αἷμα
94 2279 250 2313 προσήκων.
262 2278 317 2304 Καὶ
330 2277 466 2312 μέμνηται
482 2275 671 2312 [μεμνήμεθα]
687 2275 790 2302 τούτων

24 2324 65 2347 xiv
77 2325 129 2354 τοῖς
147 2323 291 2358 προτέροις
305 2322 393 2356 λόγοις
407 2323 490 2356 τῆσδε
515 2322 656 2357 Ἱστορίας.
696 2332 704 2340 ν

842 2232 938 2258 verat?
956 2230 983 2258 in
999 2237 1080 2265 quam
1097 2229 1228 2257 doctrina:
1249 2234 1353 2264 partem
1383 2235 1434 2255 non
1464 2234 1494 2254 se
1519 2227 1625 2261 penitus

844 2276 1159 2310 immiseratiquantam
1181 2282 1244 2301 vero
1270 2275 1332 2301 inde
1360 2273 1499 2307 sapientia:
1527 2275 1627 2298 nostrae

853 2322 956 2357 pariter
969 2326 997 2348 et
1014 2324 1131 2348 externae
1147 2320 1241 2346 hauSIa
1254 2319 1280 2346 in
1301 2326 1330 2346 se
1353 2319 1460 2345 ﬂumina
1474 2317 1628 2343 corrirave-

26 2368 78 2393 rat?
90 2368 200 2397 Exsmnt
212 2369 372 2395 documenta
389 2368 550 2395 eruditionis
565 2367 642 2401 ejus;
659 2367 811 2394 contulerat
830 2369 900 2394 enim
917 2366 1113 2401 posterioribus
1124 2365 1287 2399 temporibus
1302 2371 1362 2391 sese
1393 2364 1425 2390 ad
1442 2362 1626 2391 scribendum,

25 2412 131 2448 interque
154 2415 206 2441 alia
223 2415 329 2441 hortatu
354 2414 467 2440 dominzn
483 2420 513 2440 ac
527 2413 621 2440 matris
638 2420 703 2439 mere
719 2412 899 2447 imperatricis
914 2413 1005 2440 lrcnes
1018 2419 1086 2447 opus
1102 2411 1173 2439 lectu
1213 2418 1244 2438 ac
1269 2410 1349 2437 laude
1390 2409 1501 2443 dignum
1533 2408 1628 2435 elucu-

535 2470 634 2501 Varise
655 2470 807 2502 lectiones
828 2480 866 2501 ex
883 2471 951 2502 cod.
968 2470 1101 2501 Coisliu.

64 2524 180 2560 ⁸³φηπίν.
218 2525 241 2540 ⁸⁸
258 2522 521 2560 προμνημονευθείς.
560 2522 582 2538 ⁸⁷
595 2522 643 2549 καὶ
662 2522 776 2555 πένθους
797 2525 801 2550 1

258 2522 521 2560 προμνημονευθείς.
560 2522 582 2538 ⁸⁷
595 2522 643 2549 καὶ
662 2522 776 2555 πένθους
797 2523 983 2558 ὲμπίπλαμαι.

1024 2522 1045 2538 ⁸⁸
1059 2521 1152 2548 ταυτό.
1190 2520 1212 2536 ⁸³
1229 2519 1276 2546 καὶ
1290 2518 1366 2552 περί.

537 2580 607 2612 Car.
629 2580 795 2612 Dufresnii
811 2582 862 2612 Du
878 2581 989 2620 Cangii
1012 2583 1106 2611 notae.

43 2632 104 2670 ,(87)
129 2634 306 2670 Ἀρόη-ονοςέ
330 2633 474 2668 Nicephori
495 2632 616 2667 Bryenii,
638 2633 684 2670 qui
702 2637 795 2670 tyran-

27 2667 105 2706 nidem.
132 2667 271 2706 all'ectavit
292 2667 433 2706 Bolaniata
456 2669 629 2706 impe_rante,_
650 2667 721 2706 [ilius
743 2668 795 2695 fuit

27 2699 182 2741 Nicephorus
207 2704 324 2741 (ἤθεσι-,-
340 2704 426 2741 Annae
461 2699 588 2741 maritus,
608 2701 793 2741 si_Zon_aram

27 2736 151 2768 audimus.
165 2739 201 2765 At
216 2746 296 2765 secus
312 2739 388 2765 Anna
406 2739 462 2773 ipsa
473 2757 482 2770 ,
498 2737 594 2773 scribit
607 2737 680 2773 enim
701 2738 749 2764 lib.
766 2745 793 2769 κ,

28 2777 79 2804 vlg.
114 2772 181 2803 2η,
227 2771 612 2808 ΝίοεριιοτιιιιιήΒιῪοιιὶιιηι,
646 2771 792 2806 Nicephori

28 2809 123 2838 tyranni
156 2808 248 2841 lilium,
281 2807 333 2836 urna
358 2815 420 2836 cum
451 2812 527 2842 patre
555 2812 675 2841 captum,
707 2807 794 2835 oculis

849 2633 962 2668 perinde
991 2633 1138 2668 privatum_
1156 2630 1420 2668 fuisse._l‘iicctlhort.
1436 2627 1543 2668 tyranni
1565 2627 1627 2668 ﬁlii...

851 2662 902 2694 non
921 2662 1004 2693 semel
1029 2666 1154 2693 meminit
1173 2665 1304 2699 Bryenius
1331 2664 1433 2699 Caesar.
1460 2662 1505 2696 qui
1522 2662 1629 2699 patricii

848 2702 1008 2733 dignitatem
1037 2701 1062 2727 ei
1094 2697 1369 2733 videtur‘assignare.
1387 2698 1432 2724 ltb.
1451 2705 1491 2733 ιιι,
1515 2704 1576 2730 cap.
1592 2697 1627 2729 υς

849 2732 896 2763 lib.
915 2745 951 2768 tv,
971 2743 1030 2770 cap.
1046 2735 1090 2764 12.
1109 2735 1141 2762 l3
1157 2738 1193 2770 et
1213 2734 1257 2761 14.
1276 2732 1344 2760 Fuit
1360 2733 1442 2770 igitur
1456 2732 1627 2770 Nicephorus

846 2766 965 2833 gagsaris
979 2766 1086 2806 tyranni
1102 2777 1134 2797 cx
1157 2769 1215 2798 ﬁlio
1241 2776 1338 2804 nepos,
1362 2766 1434 2803 quod
1461 2766 1560 2794 evincit
1578 2773 1630 2793 vox

868 2816 885 2833 π
901 2814 989 2833 γονος.

868 2814 989 2841 πογονος.
