1867 3046
40 113 87 145 525

660 113 865 144 ALEXIADIS
885 114 958 146 LIB.
979 113 1047 144 VII.

1601 119 1653 151 546

39 173 73 202 ὡς
89 170 109 186 ⁸⁸
126 170 335 205 ἡττηθήσονται,
353 170 401 197 καὶ
416 170 497 205 ἡμεῖς
512 170 559 197 τοῦ
578 170 673 197 λοιποῦ
689 171 806 207 ὀχύρωμη

901 180 923 200 ιε
951 172 1096 205 lacessant,
1123 177 1227 199 certum
1251 178 1295 200 est
1321 173 1500 202 temeritatem
1525 182 1573 203 eos
1591 185 1673 216 tnan

39 216 216 251 ἐρυμνότατον
247 217 296 251 τὴν
331 216 452 251 μεγάλην
488 217 586 251 ἕξομεν
616 217 816 252 Περισθλάϐαν.

39 263 114 294 Πόλις
139 262 166 289 δὲ
190 261 258 297 αὕτη
289 263 445 298 περιφανὴς
462 264 526 298 περὶ
551 263 598 290 τὸν
627 263 734 298 Ἴστρον
761 263 818 289 δια-

39 307 147 343 κειμένη
176 309 240 335 ποτὲ
272 309 323 344 μὲν
350 308 407 335 οὔτ’
436 309 522 344 ὖνομα
546 309 626 336 τοῦτο
657 309 756 344 ἔχουσα
785 309 817 335 τὸ

39 353 212 388 βαρϐαρικδν,
240 354 300 380 ἀλλ’
329 354 522 388 Ἑλληνίζουσα
551 355 614 389 περὶ
639 354 687 390 τὴν
712 362 817 390 προση-

38 399 128 432 γορίαν
142 400 254 434 Μεγάλη
271 400 347 432 πόλις
365 401 412 427 καὶ
435 399 502 427 οὖσα
525 401 572 427 καὶ
591 400 728 436 λεγομένη
745 409 752 416 ·
769 399 820 435 ἀφ’

37 443 64 471 οὗ
88 445 114 471 δὲ
142 446 250 480 Μάκρος
264 446 320 481 (97)
333 447 347 472 ό
361 447 414 472 τῶν
427 445 589 481 Βουλγάρων
618 446 744 481 βασιλεὺς
770 447 817 473 καὶ¹

38 491 59 516 οι
74 490 101 522 ἐξ
115 491 220 517 ἐκείνου
246 492 398 526 γενόμενοι,
429 492 476 519 καὶ
505 493 618 528 προσέτι
640 501 672 526 γε
688 492 816 528 Σαμουὴλ

37 536 50 561 ὁ
63 535 212 567 τελευταῖος
228 537 276 568 τῆς
294 536 481 572 Βουλγαρικῆς
495 537 664 568 δυναστείας,
675 537 815 571 καθάπερ·

36 583 48 607 ό
74 581 197 613 Σεδεκίας
218 582 273 608 τῶν
295 582 440 615 Ἰουδαίων,
460 583 508 617 τῆς
533 583 651 618 ἑσπέρας
682 583 816 617 κατέδρα-

37 637 83 662 μον
98 629 130 659 ¹¹,
145 627 272 655 σύνθετον
287 630 423 663 ἐκτήσατο
447 628 497 661 τὴν
518 629 705 664 προσηγορίαν
718 628 772 655 ἀπό
785 636 816 654 τε

34 674 80 706 τῆς
96 674 255 709 Ἑλληνικῆς
274 675 423 710 σημασίας,
440 674 553 709 Μεγάλη
577 674 814 709 ὲπονομαζομένη,

36 720 78 746 καὶ
91 721 139 753 τὴν
148 720 203 747 ἀπὸ
217 721 272 747 τῶν
284 720 478 755 Σθλαϐογενῶν
489 721 678 756 ὲπισυρομένη
694 719 767 752 λέξιν
779 720 813 753 ⁸¹,

35 765 135 801 μεγάλη
166 766 337 801 Περισθλάϐα
367 766 538 801 πανταχόθεν
562 765 668 797 τούτοις
697 765 816 800 φημιζο-

36 811 108 846 μένη.
124 811 233 846 Ταύτην
247 812 336 837 τοίνυν
356 812 547 847 κρησφύγετον
562 811 681 846 ἔχοντες,
701 811 726 837 οί
741 809 814 845 ἀμφὶ

872 218 998 251 praesenti
1015 217 1224 245 t-ladeluituros.
1240 218 1294 246 Nos
1312 224 1412 251 autem,
1430 221 1564 248 tutissimo
1578 222 1654 249 dein-

871 268 935 296 ceps
950 261 1019 292 loco.
1036 270 1133 296 magna
1159 263 1236 297 potiti
1259 263 1437 296 Peristlilaha,
1458 265 1566 293 cititate
1592 274 1653 293 mn-

873 307 1017 339 nitissitna,
1033 315 1076 334 res
1093 315 1209 342 spesque
1228 313 1333 336 nostras
1350 309 1518 337 habebimus.
1536 311 1580 338 Est
1598 312 1653 339 haec
1673 307 1677 319 ³

871 352 937 378 urhs
961 351 1031 378 inter
1056 352 1124 379 lstro
1147 353 1353 386 circumpositas
1372 354 1469 382 nobilis
1494 355 1520 381 in
1549 357 1651 390 paucis,

872 394 949 422 Tunc
972 397 1080 429 quidem
1096 397 1147 424 isto
1164 397 1283 424 Barbaro
1303 398 1373 432 quod
1394 399 1548 432 retttlimus,
1562 401 1652 427 defor-

873 446 945 468 mata
963 441 1106 474 vocuhttiu,
1132 442 1252 469 Graecam
1274 448 1364 470 tamen
1392 452 1423 470 cx
1448 451 1510 471 vero
1534 446 1651 480 appella-

869 487 971 514 tionem
997 489 1122 516 obtinens
1150 488 1335 523 Megalopolis,
1364 498 1423 523 qua:
1457 491 1576 518 civitatis
1603 492 1652 526 ipsi

871 541 975 567 magna:
994 533 1100 560 titulum
1126 535 1222 561 merito
1240 535 1369 566 vindicat,
1394 539 1437 562 est
1460 536 1531 562 enim
1559 543 1652 564 revera

871 580 942 606 talis.
960 580 997 606 Ex
1022 587 1075 614 quo
1094 586 1184 608 autent
1211 582 1318 608 Morrus
1343 582 1518 617 Bulgarorum
1543 590 1600 616 rex,
1626 588 1652 610 et

869 625 916 659 qui
931 633 962 652 ex
979 625 1023 652 illo
1041 625 1126 658 fuere,
1145 632 1258 661 postque
1277 628 1324 654 hos
1338 627 1457 659 Samuel,
1476 629 1520 662 qui
1542 629 1652 656 ultimus

869 671 992 705 Bnlgaris
1005 673 1137 706 regnarit,
1155 677 1181 699 ttt
1199 673 1325 701 Sedecias
1341 673 1450 705 Judazis,
1475 674 1553 708 195
1578 676 1646 702 occi-

869 716 951 744 duum
966 718 1140 745 incursavere
1158 718 1268 745 limitem
1283 727 1290 745 :
1305 726 1401 745 notuctt
1416 718 1459 746 isti
1478 720 1537 746 urbi
1551 720 1649 746 factum

869 767 910 790 est
922 764 1018 798 partim
1036 771 1069 791 ex
1086 763 1178 791 Grzeco
1193 764 1278 792 veteri
1292 765 1482 799 compositum.
1502 766 1599 800 partim
1617 773 1650 792 ex

868 810 1024 836 colonorum
1040 809 1186 837 recentium
1205 818 1219 837 a
1239 810 1357 837 Sthlavis
1373 818 1457 844 genus
1473 811 1648 842 trahentium,

35 856 76 881 τὸν
105 856 368 891 Μαυροκατακαλὼν
398 857 503 890 ελεγον,
538 856 585 882 καὶ
614 855 749 890 ὁσημέραι
781 853 805 879 δι

901 855 959 882 utili
976 855 1096 887 nomine,
1119 861 1148 883 ut
1163 854 1257 891 Magna
1277 856 1445 884 Peristhlaba
1467 857 1565 892 passim
1580 857 1650 891 apud

35 902 236 937 ἀκροϐολισμῶν
247 904 303 934 τοῖς
320 901 439 933 Σκύθαις
456 901 684 937 προσϐάλλοντες,
697 900 726 926 οὺ
743 904 815 926 παυ-

35 946 130 979 σόμεθα
156 948 320 982 ζημιοῦντες
343 947 454 979 αὐτοὺς,
477 946 600 982 μηδόλως
624 945 738 976 τούτους
764 945 814 979 τῆς

34 992 130 1022 οἱκεὲας
165 992 345 1027 παρεμϐολῆς
371 992 565 1027 χορταγωγὶας
596 990 678 1026 χάριν
713 990 730 1024 ἦ
763 990 813 1024 τῆς

32 1037 80 1062 τῶν
108 1037 249 1072 χρειωδῶν
280 1037 450 1073 συγκομιδῆς
477 1037 685 1072 συγχωροῦντες
716 1035 813 1070 ἐξελη-

31 1080 58 1107 λυ
62 1082 130 1110 θέναι
135 1103 142 1109 .

864 905 959 935 gentes
976 901 1184 936 circumpositas
1198 902 1253 936 jam
1276 903 1378 930 audiat.
1400 902 1439 929 Ex
1465 903 1516 931 hac
1541 903 1650 931 civitate

866 950 994 980 tanquam
1010 953 1043 974 ex
1065 951 1122 974 tuto
1147 948 1316 982 receptaculo
1338 948 1487 983 (inquiebat
1508 948 1650 976 Mamaea.

865 990 953 1017 tacalo
963 995 991 1018 et
1002 991 1048 1025 qui
1061 998 1123 1018 cum
1135 998 1166 1019 eo
1178 992 1340 1027 sentiebant)
1353 993 1473 1027 quotidie
1486 984 1649 1027 prodeuntes

866 1036 1043 1064 velitabimur
1068 1045 1129 1064 cum
1156 1038 1276 1072 Scythis,
1303 1045 1497 1073 carpemusque
1519 1039 1592 1072 ipsos
1616 1046 1649 1065 ac

867 1081 1037 1115 fatigabinnts
1050 1083 1168 1115 assidue,
1184 1083 1285 1110 nullum
1297 1083 1350 1110 illis
1364 1091 1440 1111 ustttn
1456 1084 1647 1117 pabulationis,

33 1127 184 1163 lignationis
216 1135 262 1157 aut
299 1129 412 1157 alterius
441 1136 556 1157 annona:
587 1125 813 1163 comportationis
832 1125 946 1154 liberum
962 1128 1082 1155 sinentes
1097 1136 1106 1156 :
1124 1129 1186 1156 dum
1205 1136 1251 1156 eos
1284 1130 1329 1164 qui
1349 1129 1443 1156 harum
1475 1136 1565 1157 rerutn
1585 1136 1648 1163 gra-

33 1175 64 1200 tia
90 1175 227 1208 paululum
257 1175 355 1202 castris
379 1175 499 1209 ipsorum
525 1175 709 1210 processerint
738 1172 809 1200 haud
830 1172 910 1200 dubie
924 1173 1158 1201 obtruncabimus.

63 1220 172 1246 Τούτων
186 1219 232 1246 οὒν
247 1220 302 1247 τῶν
325 1220 414 1252 λόγων
441 1220 623 1254 τριϐομένων,
658 1218 811 1248 ἀποϐάντες

31 1267 52 1292 οί
67 1266 111 1292 τοῦ
128 1266 274 1300 Διογένους
286 1266 340 1292 υίοὶ
353 1266 408 1293 τῶν
423 1265 565 1301 σφετέρων
579 1265 673 1292 ἵππων
683 1261 727 1290 οἷα
741 1264 809 1296 νέοι,

32 1312 75 1338 καὶ
88 1312 138 1346 τῆς
150 1312 206 1338 τῶν
218 1311 309 1346 μόθων
324 1313 476 1346 κακότητος
495 1312 624 1346 ἄγευστοι
649 1311 662 1337 ὃ
681 1318 711 1336 τε
724 1309 811 1343 Νικη-

32 1359 110 1393 φόρος
129 1359 178 1386 καὶ
195 1359 210 1384 ὸ
231 1359 306 1385 Λέων
326 1358 389 1389 τοὺς
405 1358 532 1393 χαλινοὺς
559 1356 811 1391 ἀφελόμενοι,πλή-

32 1404 121 1437 ξαντές
140 1413 173 1430 τε
192 1405 290 1435 αὐτοὺς
320 1404 392 1431 κατὰ
422 1404 476 1431 τῶν
506 1404 631 1438 κέγχρων
664 1402 810 1437 ἐξήλασαν,

31 1451 196 1483 ὲπειπόντες,
210 1450 256 1484 Μὴ
269 1449 371 1482 δέδιθι,
390 1449 523 1482 βασιλεῦ
538 1457 545 1464 ’
561 1447 646 1476 αὐτοὶ
663 1447 719 1482 γὰρ
739 1447 811 1480 τοὺς

30 1496 176 1529 dmi-(iuste
208 1496 398 1529 σπασάμενοι
435 1494 648 1529 διαμελίσομεν
687 1493 808 1525 αὐτούς.

36 1543 62 1568 Ὀ
74 1542 100 1568 δὲ
116 1542 246 1576 βασιλεὺς
270 1541 522 1575 φιλοκινδυνότατος
542 1540 580 1567 ὢν
599 1540 646 1567 καὶ
667 1540 810 1575 προαρπά-
824 1557 844 1587 c

32 1588 82 1619 ζειν
100 1587 232 1622 πεφυκὼς
248 1587 297 1619 τὰς
316 1587 418 1622 μάχας,
432 1587 487 1614 οὐδ’
505 1588 546 1619 εἰς
576 1586 639 1613 νοῦν
661 1587 729 1617 ὅλως
756 1586 810 1612 τῶν

31 1633 214 1668 ὰπειργόντων
231 1633 312 1660 αὐτὸν
329 1634 394 1664 τοὺς
410 1633 506 1667 λόγους
523 1632 662 1666 ἐϐάλλετο,
679 1632 747 1659 ἀλλὰ
761 1631 812 1667 τὴν

31 1678 168 1714 βασιλικὴν
180 1679 294 1714 σκηνὴν,
306 1679 353 1705 καὶ
369 1680 419 1710 τὰς
437 1678 537 1710 σκευὰς
551 1679 662 1709 ἁπάσας
674 1677 811 1712 ἀναθέμε-

30 1732 69 1756 νος
85 1725 123 1759 τῷ
134 1725 308 1759 Κουτζομίτη
323 1724 346 1740 ⁸³
373 1724 502 1760 Γεωργίῳ
540 1724 609 1758 πρὸς
634 1723 664 1749 τδ
684 1723 811 1758 Βέτρινον

31 1771 173 1806 ἐξέπεμψε.
188 1771 226 1798 Τὸ
252 1771 279 1797 δὲ
306 1771 463 1806 στράτευμα
491 1770 605 1804 ἐπέταξε
640 1770 678 1806 μὴ
701 1770 806 1805 λύχνον,

32 1817 93 1852 μηδὲ
118 1817 176 1852 πῦρ
204 1816 305 1851 ἀνάψαι
319 1817 349 1842 τὸ
365 1817 499 1852 παράπαν
519 1816 590 1843 κατὰ
609 1817 658 1852 τὴν
689 1816 810 1850 ἑσπέραν

30 1864 142 1899 ἐκείνην,
159 1863 228 1890 ἀλλὰ
254 1864 316 1895 τοὺς
344 1863 446 1895 ἵππους
469 1863 632 1898 κατέχοντας
659 1861 810 1897 ἐγρηγορέ-

30 1919 69 1936 vat
107 1910 206 1944 μέχρις
229 1909 305 1944 ἡλίου
333 1909 478 1943 ἀνατολῆς.
508 1909 594 1940 Δὺτὸς
624 1908 652 1935 δὲ
679 1909 750 1936 κατὰ
778 1907 808 1934 τὸ

29 1955 186 1990 περίορθρον
209 1954 293 1986 ἔξεισι
320 1955 370 1989 τῆς
403 1954 579 1988 παρεμϐολῆς
611 1954 658 1980 καὶ
689 1954 738 1985 τὰς
761 1953 808 1979 δυ-

31 2002 120 2035 νάμεις
146 1999 263 2032 διελὼν,
292 1999 340 2026 καὶ
367 1999 417 2031 τὰς
444 2000 587 2034 φάλαγγας
612 2000 651 2031 εἰς
687 1998 807 2034 πολέμου

29 2047 270 2082 καταστησάμενος
286 2047 381 2081 σχῆμα
397 2046 542 2080 παραθέων
558 2046 653 2072 ἐθεᾶτο
677 2045 707 2072 τὸ
723 2046 807 2079 στρά-

28 2100 119 2127 τευμα.
138 2091 206 2119 Εῑτα
216 2093 265 2127 τὴν
283 2091 405 2127 μεγάλην
420 2090 531 2127 [μέσην]
559 2091 611 2126 τῆς
625 2091 806 2127 παρατάξεως

29 2136 114 2170 χώραν
127 2135 203 2171 εἶχεν
213 2137 295 2167 αὐτὸς
307 2136 558 2171 συμπληρουμένην
573 2136 627 2162 ἀπό
641 2144 670 2162 τε
692 2136 746 2162 τῶν
776 2136 806 2168 ἐξ

29 2182 136 2215 αἵματος
152 2183 201 2208 καὶ
210 2181 368 2216 ἀγχιστείας
397 2181 589 2216 προσηκόντων
611 2181 685 2216 αὺτῷ
705 2189 805 2215 συγγε-

901 1216 948 1244 His
976 1217 1127 1252 talibusque
1157 1218 1328 1247 scrmonihus
1356 1219 1491 1253 pendente
1515 1220 1648 1249 delibera-

864 1263 949 1295 tione,
968 1263 1092 1298 Diogenis
1104 1264 1151 1291 ﬁlii
1167 1264 1273 1292 feraces
1295 1265 1410 1298 juvenes
1435 1266 1567 1301 inexperti
1590 1275 1648 1294 ma-

864 1307 973 1339 lorttm,
1004 1308 1165 1344 fervoreque
1194 1310 1282 1337 aetatis
1311 1310 1398 1343 elati,
1426 1312 1502 1346 equis
1539 1318 1648 1347 repente

865 1355 1033 1387 desilientes.
1060 1355 1151 1384 frtenis
1177 1363 1224 1384 eos
1251 1361 1348 1384 exutos
1375 1358 1401 1384 in
1429 1358 1497 1386 milii
1527 1365 1646 1393 segetem

864 1405 972 1434 pastum
998 1401 1155 1435 admittunt,
1186 1402 1265 1428 simul
1303 1403 1491 1437 imperatorem
1515 1405 1554 1431 sic
1581 1405 1648 1432 alto-

864 1449 977 1480 quenles
996 1455 1004 1473 :
1018 1445 1060 1473 Ne
1071 1446 1183 1479 dubites,
1199 1447 1326 1481 Auguste,
1350 1456 1395 1474 nos
1410 1449 1477 1474 enim
1497 1449 1646 1475 acinatibns

863 1491 963 1518 strictis
973 1492 1137 1519 concidamus
1148 1493 1194 1518 Iros
1205 1491 1349 1520 Barbaros.
1364 1493 1428 1520 Erat
1439 1494 1464 1520 in
1476 1494 1646 1529 imperatoris

863 1543 972 1572 pectore
995 1537 1090 1571 ipsius,
1117 1538 1163 1572 qui
1182 1538 1291 1565 ferociae
1305 1539 1505 1566 adolescentunt
1528 1541 1644 1571 faveret,

863 1582 961 1609 similis
978 1582 1094 1616 impetus
1109 1584 1307 1610 consuetudine
1330 1584 1446 1611 audendi
1463 1586 1589 1619 nutritus,
1611 1585 1645 1612 ad

862 1628 1018 1662 m-cnpanda
1042 1627 1194 1662 praeliorum
1219 1628 1340 1663 pericula
1363 1634 1459 1664 sponte
1476 1629 1644 1664 prominens.

862 1673 926 1700 lude
941 1673 1012 1700 haud
1031 1674 1098 1701 adeo
1113 1674 1325 1701 dissuadentium
1339 1675 1474 1702 rationum
1494 1676 1563 1710 apud
1577 1683 1645 1709 pra:-

858 1719 980 1752 jutlicato
997 1719 1155 1746 inclinatum
1170 1720 1259 1747 studio
1285 1726 1422 1747 momenta
1441 1721 1557 1748 valuere.
1574 1721 1645 1756 Ergo

860 1765 1007 1799 Augustale
1024 1772 1056 1791 ac
1070 1764 1128 1798 ejus
1143 1765 1352 1792 instrumentum
1368 1773 1459 1798 omne,
1476 1773 1597 1800 vasaque
1612 1774 1644 1794 ac

859 1811 983 1838 sarcinas
999 1811 1136 1837 exercittts
1152 1811 1245 1843 totius,
1261 1810 1421 1838 Cutzomitte
1437 1812 1553 1847 Georgio
1567 1820 1644 1839 com-

861 1857 986 1884 mendata
999 1857 1137 1884 Betrinum
1155 1861 1212 1885 tuto
1227 1857 1388 1891 perferenda
1403 1863 1489 1885 curat.
1505 1859 1641 1886 Exercitui

861 1904 944 1931 edicit
960 1911 992 1930 ne
1009 1904 1108 1938 ignem,
1126 1910 1193 1930 neve
1210 1902 1361 1936 lampadem
1383 1902 1426 1929 illa
1442 1903 1544 1937 uspiam
1563 1909 1643 1932 nocte

861 1949 1052 1980 accenderent,
1070 1949 1117 1975 sed
1135 1948 1236 1982 paratis
1249 1948 1281 1974 ad
1295 1954 1403 1974 manum
1418 1948 1496 1982 equis
1508 1955 1593 1983 usque
1604 1948 1639 1976 ad

859 1994 926 2022 solis
953 1998 1041 2020 ortum
1065 1993 1201 2020 excubare
1222 1992 1317 2028 vigiles
1346 1997 1562 2027 perseverarent.
1581 1993 1641 2028 ipse

857 2040 929 2068 circa
942 2040 1087 2067 diluculum
1104 2041 1202 2067 castris
1220 2040 1320 2074 prodit,
1339 2040 1488 2074 divisisque
1513 2040 1597 2073 copiis
1611 2044 1640 2067 et

857 2087 1033 2120 pltalangibus
1045 2086 1069 2112 in
1083 2086 1149 2113 aciei
1162 2086 1274 2113 formam
1284 2085 1405 2120 digeStis.
1419 2085 1516 2112 obiens
1529 2086 1640 2113 ordines

857 2132 1004 2159 exercitqu
1036 2131 1191 2158 lustrabat:
1217 2131 1261 2158 ubi
1289 2131 1356 2157 satis
1385 2130 1512 2164 placuere
1538 2131 1639 2161 omnia.

857 2176 945 2204 media
966 2176 993 2202 in
1009 2175 1069 2202 acie
1085 2175 1136 2202 sibi
1163 2175 1263 2209 delegit
1289 2175 1390 2208 locum,
1413 2175 1515 2202 circum
1541 2174 1638 2201 ibidem

28 2227 86 2259 νῶν,
104 2228 151 2254 καὶ
171 2226 305 2262 τάδελφοῦ
322 2225 462 2262 Ἀδριανοῦ
476 2227 530 2253 τῶν
546 2226 670 2253 Λατίνων
691 2227 730 2261 τῷ
744 2229 804 2254 τότε

901 2221 994 2256 positis
1009 2219 1170 2248 necessariis
1195 2220 1263 2252 suis,
1288 2219 1335 2254 qui
1359 2219 1480 2254 proxime
1497 2219 1570 2246 illum
1597 2219 1639 2245 vel

28 2272 238 2307 ἡγεμονεύοντος
251 2273 299 2298 καὶ
316 2273 419 2306 ἑτέρων
448 2272 581 2306 γενναίων
604 2272 721 2308 ἀνδρῶν,
757 2273 804 2300 τοῦ

27 2318 51 2344 δέ
63 2327 93 2352 γε
108 2318 257 2354 ἀριστεροῦ
271 2318 362 2352 κέρως
378 2319 500 2354 κατῆρχε
522 2318 680 2354 Νικηφόρος
694 2320 805 2355 Καῖσαρ

27 2364 39 2388 ὁ
53 2363 221 2399 Μελισσηνδς
236 2364 250 2389 ι
264 2363 310 2389 ἐπ’
323 2363 423 2398 ἀδελφῇ
446 2363 570 2399 γαμϐρὸς
590 2364 684 2391 αὑτοῦ.
726 2364 805 2391 Κατὰ

27 2409 51 2434 εὶ
61 2409 89 2435 τὸ
100 2409 190 2442 δεξιὸν
202 2409 336 2444 ἡγεμόνες
351 2409 461 2436 ἵσταντο
482 2409 496 2436 ὅ
507 2418 536 2436 τε
552 2410 803 2445 Κασταμμωνίτης,

28 2455 258 2486 καὶόταττίκιος.
274 2455 335 2482 Τῶν
349 2455 378 2481 δὲ
397 2455 512 2482 ἐθνικῶν
536 2455 551 2482 ὃ
576 2464 606 2482 τε
636 2455 736 2487 Οὑζᾶς,
759 2457 804 2483 καὶ

28 2500 198 2535 όΚαρατζᾶς
209 2501 234 2527 οἱ
255 2500 438 2536 Σαυρομάται.
456 2501 504 2534 Ἓξ
515 2500 544 2527 δὲ
558 2501 603 2527 τὸν
614 2501 732 2536 ἀριθμὸν
747 2501 786 2528 διε
799 2519 802 2522 ~

857 2266 1104 2301 consanguinitate,
1124 2265 1167 2292 vel
1182 2261 1311 2292 aﬂinitate
1328 2265 1519 2299 contingebant
1532 2273 1540 2292 :
1555 2264 1639 2291 fratre

857 2312 986 2339 nimirum
1006 2310 1128 2337 Adriano
1153 2309 1265 2337 Latinos
1293 2314 1347 2336 tum
1371 2310 1508 2341 ductante,
1534 2314 1560 2336 et
1577 2308 1638 2336 aliis

855 2359 920 2385 viris
934 2358 1009 2391 juxta
1025 2355 1174 2382 illustribus
1195 2359 1222 2381 ct
1247 2354 1371 2382 fortibus.
1398 2355 1514 2382 Sinistro
1537 2354 1632 2382 cornui

855 2403 964 2439 prmiuit
978 2401 1147 2436 Nicephorus
1161 2400 1252 2428 Caesar
1268 2405 1444 2434 cognomento
1468 2400 1636 2432 Melissenus,

856 2450 902 2484 qui
926 2456 1047 2476 sororem
1075 2447 1246 2482 imperatoris
1263 2447 1289 2473 in
1314 2447 1486 2474 matrimonio
1509 2447 1636 2474 habebat.

858 2494 987 2521 Dextrum
1003 2499 1088 2520 cornu
1104 2492 1229 2519 ductores
1242 2489 1337 2518 habuit
1349 2489 1587 2519 Castammonitem
1609 2495 1638 2518 et

551 2559 650 2590 Variae
665 2559 819 2591 lectiones
841 2569 880 2592 ex
893 2559 964 2591 cod.
979 2558 1110 2590 Coislin.

58 2611 79 2627 ⁸⁸
99 2611 182 2639 Deest
199 2612 295 2638 vocula
306 2611 353 2641 ῶς.

391 2610 609 2647 ⁸¹κατέδραμεν.
647 2611 671 2627 ⁸⁸
686 2611 774 2644 τάξιν.
812 2613 835 2629 ⁸³
850 2611 1043 2646 Κουτζομύτῃ.

551 2679 621 2711 Car.
641 2679 803 2711 Dufresnii
820 2681 867 2711 Du
884 2679 993 2718 Cangii
1011 2682 1104 2710 noue.

56 2744 111 2774 (97)
126 2744 256 2777 Μόκρος.
274 2743 324 2775 Qui
343 2747 369 2770 et
387 2742 495 2769 Samuel
511 2742 610 2769 dictus.
632 2742 698 2770 Vide
712 2742 792 2774 infra,
814 2741 860 2769 lih.
880 2749 928 2773 xu,
966 2748 1027 2775 pag.
1044 2740 1107 2774 571,
1132 2743 1159 2768 et
1183 2742 1282 2768 seriem
1311 2745 1403 2773 regum
1443 2737 1577 2774 Bulgaria;
1605 2738 1633 2765 in

25 2777 144 2806 Familii:
161 2778 331 2805 Sclavonicis.
349 2786 395 2806 seu
413 2778 578 2804 Dalmaticis.
