  <div class='ocr_page' id='page_1' title='image "/cluster/home/n/w/nwhite01/storage/ocr_20150623/131/njp.32101077773073/329.png"; bbox 0 0 1868 3045; ppageno 0'>
   <div class='ocr_carea' id='block_1_1' title="bbox 194 123 246 154">
    <p class='ocr_par' dir='ltr' id='par_1_1' title="bbox 194 123 246 154">
     <span class='ocr_line' id='line_1_1' title="bbox 194 123 246 154; baseline 0 0"><span class='ocrx_word' id='word_1_1' title='bbox 194 123 246 154; x_wconf 80' lang='lat'><strong>587</strong></span> 
     </span>
    </p>
   </div>
   <div class='ocr_carea' id='block_1_2' title="bbox 831 122 1150 154">
    <p class='ocr_par' dir='ltr' id='par_1_2' title="bbox 831 122 1150 154">
     <span class='ocr_line' id='line_1_2' title="bbox 831 122 1150 154; baseline 0.006 -2"><span class='ocrx_word' id='word_1_2' title='bbox 831 122 945 154; x_wconf 72' lang='grc' dir='ltr'><strong>ΛΝΝᾹΞ</strong></span> <span class='ocrx_word' id='word_1_3' title='bbox 959 122 1150 154; x_wconf 71' lang='lat' dir='ltr'><strong>COMNEN/E</strong></span> 
     </span>
    </p>
   </div>
   <div class='ocr_carea' id='block_1_3' title="bbox 1766 123 1824 155">
    <p class='ocr_par' dir='ltr' id='par_1_3' title="bbox 1766 123 1824 155">
     <span class='ocr_line' id='line_1_3' title="bbox 1766 123 1824 155; baseline 0.034 -2"><span class='ocrx_word' id='word_1_4' title='bbox 1766 123 1824 155; x_wconf 67' lang='lat' dir='ltr'><strong>5E8</strong></span> 
     </span>
    </p>
   </div>
   <div class='ocr_carea' id='block_1_4' title="bbox 194 179 931 218">
    <p class='ocr_par' dir='ltr' id='par_1_4' title="bbox 194 181 926 218">
     <span class='ocr_line' id='line_1_4' title="bbox 194 181 926 218; baseline -0.003 -8"><span class='ocrx_word' id='word_1_5' title='bbox 194 183 329 218; x_wconf 74' lang='lat' dir='ltr'><strong>ferretque</strong></span> <span class='ocrx_word' id='word_1_6' title='bbox 352 181 510 216; x_wconf 73' lang='lat' dir='ltr'><strong>Imperatori</strong></span> <span class='ocrx_word' id='word_1_7' title='bbox 531 181 645 216; x_wconf 86' lang='lat' dir='ltr'><strong>quodin</strong></span> <span class='ocrx_word' id='word_1_8' title='bbox 663 188 736 216; x_wconf 89' lang='lat' dir='ltr'><strong>spem</strong></span> <span class='ocrx_word' id='word_1_9' title='bbox 766 181 886 209; x_wconf 85' lang='lat' dir='ltr'><strong>victoriae</strong></span> <span class='ocrx_word' id='word_1_10' title='bbox 912 190 926 208; x_wconf 97' lang='lat' dir='ltr'><strong>u</strong></span> 
     </span>
    </p>
   </div>
   <div class='ocr_carea' id='block_1_5' title="bbox 1086 179 1823 218">
    <p class='ocr_par' dir='ltr' id='par_1_5' title="bbox 1086 179 1823 217">
     <span class='ocr_line' id='line_1_5' title="bbox 1086 179 1823 217; baseline -0.001 -9"><span class='ocrx_word' id='word_1_11' title='bbox 1086 191 1104 208; x_wconf 54' lang='grc' dir='ltr'>ην</span> <span class='ocrx_word' id='word_1_12' title='bbox 1133 181 1287 208; x_wconf 75' lang='grc' dir='ltr'>τούναντίον</span> <span class='ocrx_word' id='word_1_13' title='bbox 1305 181 1401 207; x_wconf 73' lang='grc' dir='ltr'>ἐποίει.</span> <span class='ocrx_word' id='word_1_14' title='bbox 1419 180 1473 207; x_wconf 74' lang='grc' dir='ltr'><strong>Καὶ</strong></span> <span class='ocrx_word' id='word_1_15' title='bbox 1486 181 1517 215; x_wconf 79' lang='grc' dir='ltr'><strong>τῇ</strong></span> <span class='ocrx_word' id='word_1_16' title='bbox 1539 179 1591 215; x_wconf 69' lang='grc' dir='ltr'>ἰδίᾳ</span> <span class='ocrx_word' id='word_1_17' title='bbox 1611 179 1745 217; x_wconf 73' lang='grc' dir='ltr'><strong>διαλέκτῳ</strong></span> <span class='ocrx_word' id='word_1_18' title='bbox 1762 184 1823 213; x_wconf 67' lang='grc' dir='ltr'>τοῖς</span> 
     </span>
    </p>
   </div>
   <div class='ocr_carea' id='block_1_6' title="bbox 194 227 977 264">
    <p class='ocr_par' dir='ltr' id='par_1_6' title="bbox 194 227 977 264">
     <span class='ocr_line' id='line_1_6' title="bbox 194 227 977 264; baseline -0.003 -9"><span class='ocrx_word' id='word_1_19' title='bbox 194 233 311 264; x_wconf 88' lang='lat' dir='ltr'><strong>putaret,</strong></span> <span class='ocrx_word' id='word_1_20' title='bbox 337 235 430 255; x_wconf 78' lang='lat' dir='ltr'><strong>revera</strong></span> <span class='ocrx_word' id='word_1_21' title='bbox 457 233 486 254; x_wconf 88' lang='lat' dir='ltr'><strong>ut</strong></span> <span class='ocrx_word' id='word_1_22' title='bbox 507 227 641 255; x_wconf 91' lang='lat' dir='ltr'><strong>contraria</strong></span> <span class='ocrx_word' id='word_1_23' title='bbox 666 227 757 254; x_wconf 83' lang='lat' dir='ltr'><strong>omnia</strong></span> <span class='ocrx_word' id='word_1_24' title='bbox 780 227 895 259; x_wconf 82' lang='lat' dir='ltr'><strong>faceret.</strong></span> <span class='ocrx_word' id='word_1_25' title='bbox 920 227 977 253; x_wconf 72' lang='lat' dir='ltr'><strong>suis</strong></span> 
     </span>
    </p>
   </div>
   <div class='ocr_carea' id='block_1_7' title="bbox 195 273 977 310">
    <p class='ocr_par' dir='ltr' id='par_1_7' title="bbox 195 273 977 310">
     <span class='ocr_line' id='line_1_7' title="bbox 195 273 977 310; baseline -0.003 -8"><span class='ocrx_word' id='word_1_26' title='bbox 195 275 302 310; x_wconf 86' lang='lat' dir='ltr'><strong>Scythis</strong></span> <span class='ocrx_word' id='word_1_27' title='bbox 316 275 425 309; x_wconf 86' lang='lat' dir='ltr'><strong>propria</strong></span> <span class='ocrx_word' id='word_1_28' title='bbox 452 274 571 309; x_wconf 85' lang='lat' dir='ltr'><strong>ipsorum</strong></span> <span class='ocrx_word' id='word_1_29' title='bbox 587 274 676 308; x_wconf 77' lang='lat' dir='ltr'><strong>lingua</strong></span> <span class='ocrx_word' id='word_1_30' title='bbox 700 281 732 301; x_wconf 84' lang='lat' dir='ltr'><strong>ex</strong></span> <span class='ocrx_word' id='word_1_31' title='bbox 752 273 797 301; x_wconf 94' lang='lat' dir='ltr'><strong>illo</strong></span> <span class='ocrx_word' id='word_1_32' title='bbox 815 273 890 301; x_wconf 91' lang='lat' dir='ltr'><strong>edito</strong></span> <span class='ocrx_word' id='word_1_33' title='bbox 910 273 977 309; x_wconf 79' lang='lat' dir='ltr'><strong>jugo</strong></span> 
     </span>
    </p>
   </div>
   <div class='ocr_carea' id='block_1_8' title="bbox 194 319 977 357">
    <p class='ocr_par' dir='ltr' id='par_1_8' title="bbox 194 319 977 357">
     <span class='ocr_line' id='line_1_8' title="bbox 194 319 977 357; baseline -0.004 -8"><span class='ocrx_word' id='word_1_34' title='bbox 194 323 307 357; x_wconf 80' lang='lat' dir='ltr'><strong>loquens</strong></span> <span class='ocrx_word' id='word_1_35' title='bbox 319 326 413 349; x_wconf 85' lang='lat' dir='ltr'><strong>auctor</strong></span> <span class='ocrx_word' id='word_1_36' title='bbox 425 320 476 348; x_wconf 87' lang='lat' dir='ltr'><strong>fuit</strong></span> <span class='ocrx_word' id='word_1_37' title='bbox 489 325 517 348; x_wconf 91' lang='lat' dir='ltr'><strong>ut</strong></span> <span class='ocrx_word' id='word_1_38' title='bbox 530 321 650 355; x_wconf 84' lang='lat' dir='ltr'><strong>plaustra</strong></span> <span class='ocrx_word' id='word_1_39' title='bbox 666 319 821 348; x_wconf 87' lang='lat' dir='ltr'><strong>continuam</strong></span> <span class='ocrx_word' id='word_1_40' title='bbox 837 319 863 346; x_wconf 91' lang='lat' dir='ltr'><strong>in</strong></span> <span class='ocrx_word' id='word_1_41' title='bbox 877 321 977 347; x_wconf 83' lang='lat' dir='ltr'><strong>seriem</strong></span> 
     </span>
    </p>
   </div>
   <div class='ocr_carea' id='block_1_9' title="bbox 194 365 976 402">
    <p class='ocr_par' dir='ltr' id='par_1_9' title="bbox 194 365 976 402">
     <span class='ocr_line' id='line_1_9' title="bbox 194 365 976 402; baseline -0.004 -8"><span class='ocrx_word' id='word_1_42' title='bbox 194 368 324 402; x_wconf 83' lang='lat' dir='ltr'><strong>disposita</strong></span> <span class='ocrx_word' id='word_1_43' title='bbox 353 366 482 394; x_wconf 78' lang='lat' dir='ltr'><strong>Romanis</strong></span> <span class='ocrx_word' id='word_1_44' title='bbox 510 366 678 400; x_wconf 84' lang='lat' dir='ltr'><strong>objiccrent.</strong></span> <span class='ocrx_word' id='word_1_45' title='bbox 705 373 755 392; x_wconf 83' lang='lat' dir='ltr'><strong>nec</strong></span> <span class='ocrx_word' id='word_1_46' title='bbox 783 365 976 400; x_wconf 83' lang='lat' dir='ltr'><strong>imperatorem</strong></span> 
     </span>
    </p>
   </div>
   <div class='ocr_carea' id='block_1_10' title="bbox 195 411 979 448">
    <p class='ocr_par' dir='ltr' id='par_1_10' title="bbox 195 411 979 448">
     <span class='ocr_line' id='line_1_10' title="bbox 195 411 979 448; baseline -0.005 -7"><span class='ocrx_word' id='word_1_47' title='bbox 195 421 358 448; x_wconf 75' lang='lat' dir='ltr'><strong>magnopere</strong></span> <span class='ocrx_word' id='word_1_48' title='bbox 375 418 526 440; x_wconf 85' lang='lat' dir='ltr'><strong>metuerem</strong></span> <span class='ocrx_word' id='word_1_49' title='bbox 541 413 627 440; x_wconf 87' lang='lat' dir='ltr'><strong>adhuc</strong></span> <span class='ocrx_word' id='word_1_50' title='bbox 640 419 671 439; x_wconf 85' lang='lat' dir='ltr'><strong>ex</strong></span> <span class='ocrx_word' id='word_1_51' title='bbox 686 419 788 447; x_wconf 88' lang='lat' dir='ltr'><strong>nttpera</strong></span> <span class='ocrx_word' id='word_1_52' title='bbox 802 411 879 439; x_wconf 86' lang='lat' dir='ltr'><strong>clade</strong></span> <span class='ocrx_word' id='word_1_53' title='bbox 896 413 979 446; x_wconf 78' lang='lat' dir='ltr'><strong>trepi-</strong></span> 
     </span>
    </p>
   </div>
   <div class='ocr_carea' id='block_1_11' title="bbox 194 457 978 494">
    <p class='ocr_par' dir='ltr' id='par_1_11' title="bbox 194 457 978 494">
     <span class='ocr_line' id='line_1_11' title="bbox 194 457 978 494; baseline -0.005 -6"><span class='ocrx_word' id='word_1_54' title='bbox 194 461 257 488; x_wconf 92' lang='lat' dir='ltr'><strong>dum</strong></span> <span class='ocrx_word' id='word_1_55' title='bbox 275 459 422 494; x_wconf 80' lang='lat' dir='ltr'><strong>fugamque</strong></span> <span class='ocrx_word' id='word_1_56' title='bbox 439 459 626 490; x_wconf 81' lang='lat' dir='ltr'><strong>meditantem,</strong></span> <span class='ocrx_word' id='word_1_57' title='bbox 642 457 687 493; x_wconf 94' lang='lat' dir='ltr'><strong>qui</strong></span> <span class='ocrx_word' id='word_1_58' title='bbox 715 465 764 486; x_wconf 88' lang='lat' dir='ltr'><strong>nec</strong></span> <span class='ocrx_word' id='word_1_59' title='bbox 788 465 851 485; x_wconf 84' lang='lat' dir='ltr'><strong>suos</strong></span> <span class='ocrx_word' id='word_1_60' title='bbox 879 457 978 485; x_wconf 90' lang='lat' dir='ltr'><strong>ldonco</strong></span> 
     </span>
    </p>
   </div>
   <div class='ocr_carea' id='block_1_12' title="bbox 194 504 979 538">
    <p class='ocr_par' dir='ltr' id='par_1_12' title="bbox 194 504 979 538">
     <span class='ocr_line' id='line_1_12' title="bbox 194 504 979 538; baseline -0.005 -4"><span class='ocrx_word' id='word_1_61' title='bbox 194 513 308 534; x_wconf 86' lang='lat' dir='ltr'><strong>numero</strong></span> <span class='ocrx_word' id='word_1_62' title='bbox 335 513 384 532; x_wconf 90' lang='lat' dir='ltr'><strong>nec</strong></span> <span class='ocrx_word' id='word_1_63' title='bbox 405 505 552 532; x_wconf 69' lang='lat' dir='ltr'><strong>auxiliares</strong></span> <span class='ocrx_word' id='word_1_64' title='bbox 580 512 594 531; x_wconf 89' lang='lat' dir='ltr'><strong>a</strong></span> <span class='ocrx_word' id='word_1_65' title='bbox 619 504 746 538; x_wconf 76' lang='lat' dir='ltr'><strong>gentibus</strong></span> <span class='ocrx_word' id='word_1_66' title='bbox 767 504 847 531; x_wconf 83' lang='lat' dir='ltr'><strong>sociis</strong></span> <span class='ocrx_word' id='word_1_67' title='bbox 878 504 979 531; x_wconf 79' lang='lat' dir='ltr'><strong>milites</strong></span> 
     </span>
    </p>
   </div>
   <div class='ocr_carea' id='block_1_13' title="bbox 196 550 978 585">
    <p class='ocr_par' dir='ltr' id='par_1_13' title="bbox 196 550 978 585">
     <span class='ocr_line' id='line_1_13' title="bbox 196 550 978 585; baseline -0.006 -4"><span class='ocrx_word' id='word_1_68' title='bbox 196 553 317 581; x_wconf 83' lang='lat' dir='ltr'><strong>haberet.</strong></span> <span class='ocrx_word' id='word_1_69' title='bbox 335 552 382 580; x_wconf 85' lang='lat' dir='ltr'><strong>His</strong></span> <span class='ocrx_word' id='word_1_70' title='bbox 395 552 473 579; x_wconf 87' lang='lat' dir='ltr'><strong>dictis</strong></span> <span class='ocrx_word' id='word_1_71' title='bbox 488 551 608 578; x_wconf 89' lang='lat' dir='ltr'><strong>attritatn</strong></span> <span class='ocrx_word' id='word_1_72' title='bbox 625 551 741 578; x_wconf 88' lang='lat' dir='ltr'><strong>frontem</strong></span> <span class='ocrx_word' id='word_1_73' title='bbox 757 551 796 578; x_wconf 84' lang='lat' dir='ltr'><strong>sic</strong></span> <span class='ocrx_word' id='word_1_74' title='bbox 809 551 842 577; x_wconf 88' lang='lat' dir='ltr'><strong>ad</strong></span> <span class='ocrx_word' id='word_1_75' title='bbox 859 550 978 585; x_wconf 83' lang='lat' dir='ltr'><strong>impera-</strong></span> 
     </span>
    </p>
   </div>
   <div class='ocr_carea' id='block_1_14' title="bbox 195 596 980 631">
    <p class='ocr_par' dir='ltr' id='par_1_14' title="bbox 195 596 980 631">
     <span class='ocr_line' id='line_1_14' title="bbox 195 596 980 631; baseline -0.005 -5"><span class='ocrx_word' id='word_1_76' title='bbox 195 604 280 626; x_wconf 76' lang='lat' dir='ltr'><strong>torem</strong></span> <span class='ocrx_word' id='word_1_77' title='bbox 297 598 463 626; x_wconf 75' lang='lat' dir='ltr'><strong>descendens</strong></span> <span class='ocrx_word' id='word_1_78' title='bbox 479 597 580 629; x_wconf 75' lang='lat' dir='ltr'><strong>rettulit,</strong></span> <span class='ocrx_word' id='word_1_79' title='bbox 592 597 669 631; x_wconf 81' lang='lat' dir='ltr'><strong>quasi</strong></span> <span class='ocrx_word' id='word_1_80' title='bbox 682 604 788 624; x_wconf 83' lang='lat' dir='ltr'><strong>summa</strong></span> <span class='ocrx_word' id='word_1_81' title='bbox 806 596 857 623; x_wconf 82' lang='lat' dir='ltr'><strong>fide</strong></span> <span class='ocrx_word' id='word_1_82' title='bbox 871 596 980 623; x_wconf 74' lang='lat' dir='ltr'><strong>Inuictus</strong></span> 
     </span>
    </p>
   </div>
   <div class='ocr_carea' id='block_1_15' title="bbox 194 643 980 680">
    <p class='ocr_par' dir='ltr' id='par_1_15' title="bbox 194 643 980 680">
     <span class='ocr_line' id='line_1_15' title="bbox 194 643 980 680; baseline -0.005 -7"><span class='ocrx_word' id='word_1_83' title='bbox 194 645 381 680; x_wconf 85' lang='lat' dir='ltr'><strong>exploratione</strong></span> <span class='ocrx_word' id='word_1_84' title='bbox 403 644 485 671; x_wconf 87' lang='lat' dir='ltr'><strong>foret.</strong></span> <span class='ocrx_word' id='word_1_85' title='bbox 511 644 648 671; x_wconf 61' lang='lat' dir='ltr'><strong>Ceterum</strong></span> <span class='ocrx_word' id='word_1_86' title='bbox 678 643 751 670; x_wconf 90' lang='lat' dir='ltr'><strong>misti</strong></span> <span class='ocrx_word' id='word_1_87' title='bbox 783 643 893 677; x_wconf 85' lang='lat' dir='ltr'><strong>quidam</strong></span> <span class='ocrx_word' id='word_1_88' title='bbox 909 643 980 670; x_wconf 89' lang='lat' dir='ltr'><strong>inter</strong></span> 
     </span>
    </p>
   </div>
   <div class='ocr_carea' id='block_1_16' title="bbox 194 688 981 723">
    <p class='ocr_par' dir='ltr' id='par_1_16' title="bbox 194 688 981 723">
     <span class='ocr_line' id='line_1_16' title="bbox 194 688 981 723; baseline -0.006 -4"><span class='ocrx_word' id='word_1_89' title='bbox 194 691 316 719; x_wconf 75' lang='lat' dir='ltr'><strong>Graecum</strong></span> <span class='ocrx_word' id='word_1_90' title='bbox 340 696 363 717; x_wconf 87' lang='lat' dir='ltr'><strong>et</strong></span> <span class='ocrx_word' id='word_1_91' title='bbox 385 690 529 717; x_wconf 86' lang='lat' dir='ltr'><strong>barbarum</strong></span> <span class='ocrx_word' id='word_1_92' title='bbox 546 690 664 723; x_wconf 73' lang='lat' dir='ltr'><strong>generis,</strong></span> <span class='ocrx_word' id='word_1_93' title='bbox 680 696 712 716; x_wconf 85' lang='lat' dir='ltr'><strong>ac</strong></span> <span class='ocrx_word' id='word_1_94' title='bbox 730 697 777 723; x_wconf 87' lang='lat' dir='ltr'><strong>per</strong></span> <span class='ocrx_word' id='word_1_95' title='bbox 801 688 850 716; x_wconf 87' lang='lat' dir='ltr'><strong>hoc</strong></span> <span class='ocrx_word' id='word_1_96' title='bbox 873 696 925 715; x_wconf 90' lang='lat' dir='ltr'><strong>nou</strong></span> <span class='ocrx_word' id='word_1_97' title='bbox 940 688 981 715; x_wconf 90' lang='lat' dir='ltr'><strong>in-</strong></span> 
     </span>
    </p>
   </div>
   <div class='ocr_carea' id='block_1_17' title="bbox 194 734 981 772">
    <p class='ocr_par' dir='ltr' id='par_1_17' title="bbox 194 734 981 772">
     <span class='ocr_line' id='line_1_17' title="bbox 194 734 981 772; baseline -0.004 -8"><span class='ocrx_word' id='word_1_98' title='bbox 194 737 268 765; x_wconf 90' lang='lat' dir='ltr'><strong>scius</strong></span> <span class='ocrx_word' id='word_1_99' title='bbox 284 737 420 772; x_wconf 73' lang='lat' dir='ltr'><strong>Scythicae</strong></span> <span class='ocrx_word' id='word_1_100' title='bbox 443 736 551 770; x_wconf 67' lang='lat' dir='ltr'><strong>linguae,</strong></span> <span class='ocrx_word' id='word_1_101' title='bbox 567 743 628 762; x_wconf 87' lang='lat' dir='ltr'><strong>cum</strong></span> <span class='ocrx_word' id='word_1_102' title='bbox 654 735 805 762; x_wconf 87' lang='lat' dir='ltr'><strong>orationent</strong></span> <span class='ocrx_word' id='word_1_103' title='bbox 833 734 981 768; x_wconf 68' lang='lat' dir='ltr'><strong>transfuga:</strong></span> 
     </span>
    </p>
   </div>
   <div class='ocr_carea' id='block_1_18' title="bbox 194 780 981 815">
    <p class='ocr_par' dir='ltr' id='par_1_18' title="bbox 194 780 981 815">
     <span class='ocr_line' id='line_1_18' title="bbox 194 780 981 815; baseline -0.004 -6"><span class='ocrx_word' id='word_1_104' title='bbox 194 783 304 810; x_wconf 85' lang='lat' dir='ltr'><strong>auribus</strong></span> <span class='ocrx_word' id='word_1_105' title='bbox 327 782 471 813; x_wconf 82' lang='lat' dir='ltr'><strong>hausisset,</strong></span> <span class='ocrx_word' id='word_1_106' title='bbox 489 781 638 808; x_wconf 87' lang='lat' dir='ltr'><strong>indicatum</strong></span> <span class='ocrx_word' id='word_1_107' title='bbox 662 781 695 808; x_wconf 89' lang='lat' dir='ltr'><strong>de</strong></span> <span class='ocrx_word' id='word_1_108' title='bbox 719 780 828 815; x_wconf 81' lang='lat' dir='ltr'><strong>perﬁdia</strong></span> <span class='ocrx_word' id='word_1_109' title='bbox 855 780 981 814; x_wconf 79' lang='lat' dir='ltr'><strong>bilinguis</strong></span> 
     </span>
    </p>
   </div>
   <div class='ocr_carea' id='block_1_19' title="bbox 195 825 981 862">
    <p class='ocr_par' dir='ltr' id='par_1_19' title="bbox 195 825 981 862">
     <span class='ocr_line' id='line_1_19' title="bbox 195 825 981 862; baseline -0.005 -6"><span class='ocrx_word' id='word_1_110' title='bbox 195 830 267 857; x_wconf 91' lang='lat' dir='ltr'><strong>ultro</strong></span> <span class='ocrx_word' id='word_1_111' title='bbox 292 828 324 855; x_wconf 88' lang='lat' dir='ltr'><strong>ad</strong></span> <span class='ocrx_word' id='word_1_112' title='bbox 351 828 540 862; x_wconf 80' lang='lat' dir='ltr'><strong>imperatorem</strong></span> <span class='ocrx_word' id='word_1_113' title='bbox 570 827 654 854; x_wconf 77' lang='lat' dir='ltr'><strong>venit.</strong></span> <span class='ocrx_word' id='word_1_114' title='bbox 679 825 770 853; x_wconf 80' lang='lat' dir='ltr'><strong>Sensit</strong></span> <span class='ocrx_word' id='word_1_115' title='bbox 794 825 928 853; x_wconf 77' lang='lat' dir='ltr'><strong>Neantzes</strong></span> <span class='ocrx_word' id='word_1_116' title='bbox 952 833 981 852; x_wconf 90' lang='lat' dir='ltr'><strong>se</strong></span> 
     </span>
    </p>
   </div>
   <div class='ocr_carea' id='block_1_20' title="bbox 195 872 981 906">
    <p class='ocr_par' dir='ltr' id='par_1_20' title="bbox 195 872 981 906">
     <span class='ocr_line' id='line_1_20' title="bbox 195 872 981 906; baseline -0.005 -4"><span class='ocrx_word' id='word_1_117' title='bbox 195 877 340 906; x_wconf 82' lang='lat' dir='ltr'><strong>detectum,</strong></span> <span class='ocrx_word' id='word_1_118' title='bbox 359 882 408 901; x_wconf 84' lang='lat' dir='ltr'><strong>nec</strong></span> <span class='ocrx_word' id='word_1_119' title='bbox 423 873 613 901; x_wconf 79' lang='lat' dir='ltr'><strong>dissimulandi</strong></span> <span class='ocrx_word' id='word_1_120' title='bbox 630 878 719 900; x_wconf 88' lang='lat' dir='ltr'><strong>tamen</strong></span> <span class='ocrx_word' id='word_1_121' title='bbox 739 880 813 906; x_wconf 84' lang='lat' dir='ltr'><strong>spem</strong></span> <span class='ocrx_word' id='word_1_122' title='bbox 833 872 922 899; x_wconf 89' lang='lat' dir='ltr'><strong>adhuc</strong></span> <span class='ocrx_word' id='word_1_123' title='bbox 935 876 981 898; x_wconf 89' lang='lat' dir='ltr'><strong>aut</strong></span> 
     </span>
    </p>
   </div>
   <div class='ocr_carea' id='block_1_21' title="bbox 195 917 982 954">
    <p class='ocr_par' dir='ltr' id='par_1_21' title="bbox 195 917 982 954">
     <span class='ocr_line' id='line_1_21' title="bbox 195 917 982 954; baseline -0.006 -5"><span class='ocrx_word' id='word_1_124' title='bbox 195 921 339 949; x_wconf 75' lang='lat' dir='ltr'><strong>Consilium</strong></span> <span class='ocrx_word' id='word_1_125' title='bbox 350 919 463 954; x_wconf 79' lang='lat' dir='ltr'><strong>altjecil;</strong></span> <span class='ocrx_word' id='word_1_126' title='bbox 477 919 572 946; x_wconf 86' lang='lat' dir='ltr'><strong>falsum</strong></span> <span class='ocrx_word' id='word_1_127' title='bbox 589 918 698 954; x_wconf 77' lang='lat' dir='ltr'><strong>impingi</strong></span> <span class='ocrx_word' id='word_1_128' title='bbox 713 918 765 946; x_wconf 89' lang='lat' dir='ltr'><strong>sibi</strong></span> <span class='ocrx_word' id='word_1_129' title='bbox 777 918 878 945; x_wconf 86' lang='lat' dir='ltr'><strong>crimen</strong></span> <span class='ocrx_word' id='word_1_130' title='bbox 889 917 982 952; x_wconf 83' lang='lat' dir='ltr'><strong>queri-</strong></span> 
     </span>
    </p>
   </div>
   <div class='ocr_carea' id='block_1_22' title="bbox 195 961 982 1000">
    <p class='ocr_par' dir='ltr' id='par_1_22' title="bbox 195 961 982 1000">
     <span class='ocr_line' id='line_1_22' title="bbox 195 961 982 1000; baseline -0.005 -7"><span class='ocrx_word' id='word_1_131' title='bbox 195 972 251 999; x_wconf 90' lang='lat' dir='ltr'><strong>tur,</strong></span> <span class='ocrx_word' id='word_1_132' title='bbox 268 965 385 993; x_wconf 85' lang='lat' dir='ltr'><strong>iudicem</strong></span> <span class='ocrx_word' id='word_1_133' title='bbox 408 965 524 1000; x_wconf 82' lang='lat' dir='ltr'><strong>proferri</strong></span> <span class='ocrx_word' id='word_1_134' title='bbox 542 971 654 998; x_wconf 89' lang='lat' dir='ltr'><strong>remque</strong></span> <span class='ocrx_word' id='word_1_135' title='bbox 671 963 776 997; x_wconf 80' lang='lat' dir='ltr'><strong>judicio</strong></span> <span class='ocrx_word' id='word_1_136' title='bbox 789 962 890 990; x_wconf 87' lang='lat' dir='ltr'><strong>discuti</strong></span> <span class='ocrx_word' id='word_1_137' title='bbox 907 961 982 997; x_wconf 75' lang='lat' dir='ltr'><strong>flagi-</strong></span> 
     </span>
    </p>
   </div>
   <div class='ocr_carea' id='block_1_23' title="bbox 195 1008 981 1041">
    <p class='ocr_par' dir='ltr' id='par_1_23' title="bbox 195 1008 981 1041">
     <span class='ocr_line' id='line_1_23' title="bbox 195 1008 981 1041; baseline -0.006 -1"><span class='ocrx_word' id='word_1_138' title='bbox 195 1018 244 1041; x_wconf 89' lang='lat' dir='ltr'><strong>tat.</strong></span> <span class='ocrx_word' id='word_1_139' title='bbox 266 1011 394 1040; x_wconf 77' lang='lat' dir='ltr'><strong>l’rocedit</strong></span> <span class='ocrx_word' id='word_1_140' title='bbox 422 1012 550 1038; x_wconf 76' lang='lat' dir='ltr'><strong>audacter</strong></span> <span class='ocrx_word' id='word_1_141' title='bbox 573 1010 779 1037; x_wconf 87' lang='lat' dir='ltr'><strong>mixobarbarus</strong></span> <span class='ocrx_word' id='word_1_142' title='bbox 795 1009 822 1035; x_wconf 92' lang='lat' dir='ltr'><strong>in</strong></span> <span class='ocrx_word' id='word_1_143' title='bbox 849 1008 981 1039; x_wconf 85' lang='lat' dir='ltr'><strong>medium.</strong></span> 
     </span>
    </p>
   </div>
   <div class='ocr_carea' id='block_1_24' title="bbox 195 1055 982 1093">
    <p class='ocr_par' dir='ltr' id='par_1_24' title="bbox 195 1055 982 1093">
     <span class='ocr_line' id='line_1_24' title="bbox 195 1055 982 1093; baseline -0.008 -6"><span class='ocrx_word' id='word_1_144' title='bbox 195 1059 375 1093; x_wconf 79' lang='lat' dir='ltr'><strong>Neantzaequc</strong></span> <span class='ocrx_word' id='word_1_145' title='bbox 407 1058 434 1085; x_wconf 90' lang='lat' dir='ltr'><strong>in</strong></span> <span class='ocrx_word' id='word_1_146' title='bbox 450 1065 481 1085; x_wconf 88' lang='lat' dir='ltr'><strong>os</strong></span> <span class='ocrx_word' id='word_1_147' title='bbox 497 1064 587 1084; x_wconf 83' lang='lat' dir='ltr'><strong>coram</strong></span> <span class='ocrx_word' id='word_1_148' title='bbox 608 1055 737 1082; x_wconf 88' lang='lat' dir='ltr'><strong>omnibus</strong></span> <span class='ocrx_word' id='word_1_149' title='bbox 761 1058 919 1090; x_wconf 83' lang='lat' dir='ltr'><strong>perseverat</strong></span> <span class='ocrx_word' id='word_1_150' title='bbox 933 1062 982 1082; x_wconf 87' lang='lat' dir='ltr'><strong>au-</strong></span> 
     </span>
    </p>
   </div>
   <div class='ocr_carea' id='block_1_25' title="bbox 196 1101 981 1139">
    <p class='ocr_par' dir='ltr' id='par_1_25' title="bbox 196 1101 981 1139">
     <span class='ocr_line' id='line_1_25' title="bbox 196 1101 981 1139; baseline -0.009 -5"><span class='ocrx_word' id='word_1_151' title='bbox 196 1107 266 1134; x_wconf 87' lang='lat' dir='ltr'><strong>ritus</strong></span> <span class='ocrx_word' id='word_1_152' title='bbox 281 1106 357 1133; x_wconf 83' lang='lat' dir='ltr'><strong>testis</strong></span> <span class='ocrx_word' id='word_1_153' title='bbox 370 1107 579 1139; x_wconf 69' lang='lat' dir='ltr'><strong>quazcomperta</strong></span> <span class='ocrx_word' id='word_1_154' title='bbox 604 1101 730 1137; x_wconf 76' lang='lat' dir='ltr'><strong>praesenti</strong></span> <span class='ocrx_word' id='word_1_155' title='bbox 756 1108 837 1128; x_wconf 90' lang='lat' dir='ltr'><strong>sensu</strong></span> <span class='ocrx_word' id='word_1_156' title='bbox 862 1101 895 1128; x_wconf 92' lang='lat' dir='ltr'><strong>de</strong></span> <span class='ocrx_word' id='word_1_157' title='bbox 921 1101 981 1135; x_wconf 83' lang='lat' dir='ltr'><strong>ejus</strong></span> 
     </span>
    </p>
   </div>
   <div class='ocr_carea' id='block_1_26' title="bbox 194 1148 981 1181">
    <p class='ocr_par' dir='ltr' id='par_1_26' title="bbox 194 1148 981 1181">
     <span class='ocr_line' id='line_1_26' title="bbox 194 1148 981 1181; baseline -0.008 0"><span class='ocrx_word' id='word_1_158' title='bbox 194 1152 296 1181; x_wconf 86' lang='lat' dir='ltr'><strong>scelere</strong></span> <span class='ocrx_word' id='word_1_159' title='bbox 324 1152 452 1178; x_wconf 86' lang='lat' dir='ltr'><strong>habebat.</strong></span> <span class='ocrx_word' id='word_1_160' title='bbox 483 1151 518 1176; x_wconf 77' lang='lat' dir='ltr'><strong>At</strong></span> <span class='ocrx_word' id='word_1_161' title='bbox 549 1151 680 1178; x_wconf 76' lang='lat' dir='ltr'><strong>barbarus</strong></span> <span class='ocrx_word' id='word_1_162' title='bbox 709 1150 806 1177; x_wconf 61' lang='lat' dir='ltr'><strong>striuto</strong></span> <span class='ocrx_word' id='word_1_163' title='bbox 837 1148 981 1176; x_wconf 79' lang='lat' dir='ltr'><strong>confestim</strong></span> 
     </span>
    </p>
   </div>
   <div class='ocr_carea' id='block_1_27' title="bbox 195 1196 982 1232">
    <p class='ocr_par' dir='ltr' id='par_1_27' title="bbox 195 1196 982 1232">
     <span class='ocr_line' id='line_1_27' title="bbox 195 1196 982 1232; baseline -0.005 -6"><span class='ocrx_word' id='word_1_164' title='bbox 195 1199 267 1226; x_wconf 87' lang='lat' dir='ltr'><strong>ferro</strong></span> <span class='ocrx_word' id='word_1_165' title='bbox 295 1203 376 1232; x_wconf 83' lang='lat' dir='ltr'><strong>caput</strong></span> <span class='ocrx_word' id='word_1_166' title='bbox 401 1197 553 1231; x_wconf 79' lang='lat' dir='ltr'><strong>amputavit</strong></span> <span class='ocrx_word' id='word_1_167' title='bbox 577 1197 690 1230; x_wconf 86' lang='lat' dir='ltr'><strong>homini,</strong></span> <span class='ocrx_word' id='word_1_168' title='bbox 711 1196 832 1231; x_wconf 83' lang='lat' dir='ltr'><strong>Augusto</strong></span> <span class='ocrx_word' id='word_1_169' title='bbox 852 1200 982 1223; x_wconf 85' lang='lat' dir='ltr'><strong>cernente</strong></span> 
     </span>
    </p>
   </div>
   <div class='ocr_carea' id='block_1_28' title="bbox 195 1243 982 1280">
    <p class='ocr_par' dir='ltr' id='par_1_28' title="bbox 195 1243 982 1280">
     <span class='ocr_line' id='line_1_28' title="bbox 195 1243 982 1280; baseline -0.004 -9"><span class='ocrx_word' id='word_1_170' title='bbox 195 1245 265 1280; x_wconf 91' lang='lat' dir='ltr'><strong>ipso,</strong></span> <span class='ocrx_word' id='word_1_171' title='bbox 281 1250 306 1271; x_wconf 90' lang='lat' dir='ltr'><strong>et</strong></span> <span class='ocrx_word' id='word_1_172' title='bbox 325 1243 502 1279; x_wconf 75' lang='lat' dir='ltr'><strong>plialangibns</strong></span> <span class='ocrx_word' id='word_1_173' title='bbox 515 1243 650 1277; x_wconf 88' lang='lat' dir='ltr'><strong>utrimque</strong></span> <span class='ocrx_word' id='word_1_174' title='bbox 675 1243 829 1270; x_wconf 78' lang='lat' dir='ltr'><strong>astantibus</strong></span> <span class='ocrx_word' id='word_1_175' title='bbox 846 1251 853 1269; x_wconf 83' lang='lat'><strong>:</strong></span> <span class='ocrx_word' id='word_1_176' title='bbox 869 1249 936 1269; x_wconf 84' lang='lat' dir='ltr'><strong>nova</strong></span> <span class='ocrx_word' id='word_1_177' title='bbox 955 1245 982 1268; x_wconf 82' lang='lat' dir='ltr'><strong>et</strong></span> 
     </span>
    </p>
   </div>
   <div class='ocr_carea' id='block_1_29' title="bbox 197 1288 982 1324">
    <p class='ocr_par' dir='ltr' id='par_1_29' title="bbox 197 1288 982 1324">
     <span class='ocr_line' id='line_1_29' title="bbox 197 1288 982 1324; baseline -0.001 -7"><span class='ocrx_word' id='word_1_178' title='bbox 197 1291 340 1317; x_wconf 78' lang='lat' dir='ltr'><strong>barbarica</strong></span> <span class='ocrx_word' id='word_1_179' title='bbox 357 1290 524 1317; x_wconf 70' lang='lat' dir='ltr'><strong>defensionis</strong></span> <span class='ocrx_word' id='word_1_180' title='bbox 548 1290 638 1324; x_wconf 71' lang='lat' dir='ltr'><strong>gladio</strong></span> <span class='ocrx_word' id='word_1_181' title='bbox 653 1294 788 1324; x_wconf 70' lang='lat' dir='ltr'><strong>perorata:</strong></span> <span class='ocrx_word' id='word_1_182' title='bbox 811 1289 891 1315; x_wconf 83' lang='lat' dir='ltr'><strong>ratio.</strong></span> <span class='ocrx_word' id='word_1_183' title='bbox 915 1288 982 1321; x_wconf 71' lang='lat' dir='ltr'><strong>Quae</strong></span> 
     </span>
    </p>
   </div>
   <div class='ocr_carea' id='block_1_30' title="bbox 196 1335 980 1371">
    <p class='ocr_par' dir='ltr' id='par_1_30' title="bbox 196 1335 980 1371">
     <span class='ocr_line' id='line_1_30' title="bbox 196 1335 980 1371; baseline -0.005 -6"><span class='ocrx_word' id='word_1_184' title='bbox 196 1345 285 1370; x_wconf 85' lang='lat' dir='ltr'><strong>reum,</strong></span> <span class='ocrx_word' id='word_1_185' title='bbox 303 1344 363 1364; x_wconf 87' lang='lat' dir='ltr'><strong>meo</strong></span> <span class='ocrx_word' id='word_1_186' title='bbox 387 1336 494 1371; x_wconf 84' lang='lat' dir='ltr'><strong>quidem</strong></span> <span class='ocrx_word' id='word_1_187' title='bbox 519 1335 631 1370; x_wconf 82' lang='lat' dir='ltr'><strong>judicio,</strong></span> <span class='ocrx_word' id='word_1_188' title='bbox 650 1342 718 1362; x_wconf 90' lang='lat' dir='ltr'><strong>nece</strong></span> <span class='ocrx_word' id='word_1_189' title='bbox 733 1335 900 1362; x_wconf 79' lang='lat' dir='ltr'><strong>aecttsatoris</strong></span> <span class='ocrx_word' id='word_1_190' title='bbox 913 1342 980 1361; x_wconf 90' lang='lat' dir='ltr'><strong>con-</strong></span> 
     </span>
    </p>
   </div>
   <div class='ocr_carea' id='block_1_31' title="bbox 196 1381 982 1416">
    <p class='ocr_par' dir='ltr' id='par_1_31' title="bbox 196 1381 982 1416">
     <span class='ocr_line' id='line_1_31' title="bbox 196 1381 982 1416; baseline -0.003 -6"><span class='ocrx_word' id='word_1_191' title='bbox 196 1383 323 1410; x_wconf 81' lang='lat' dir='ltr'><strong>victionis</strong></span> <span class='ocrx_word' id='word_1_192' title='bbox 350 1382 542 1410; x_wconf 76' lang='lat' dir='ltr'><strong>necessitatem</strong></span> <span class='ocrx_word' id='word_1_193' title='bbox 573 1385 738 1416; x_wconf 65' lang='lat' dir='ltr'><strong>praevertere</strong></span> <span class='ocrx_word' id='word_1_194' title='bbox 766 1389 875 1414; x_wconf 89' lang='lat' dir='ltr'><strong>ausuut,</strong></span> <span class='ocrx_word' id='word_1_195' title='bbox 897 1381 982 1408; x_wconf 90' lang='lat' dir='ltr'><strong>multo</strong></span> 
     </span>
    </p>
   </div>
   <div class='ocr_carea' id='block_1_32' title="bbox 197 1427 982 1464">
    <p class='ocr_par' dir='ltr' id='par_1_32' title="bbox 197 1427 982 1464">
     <span class='ocr_line' id='line_1_32' title="bbox 197 1427 982 1464; baseline -0.001 -8"><span class='ocrx_word' id='word_1_196' title='bbox 197 1430 283 1464; x_wconf 75' lang='lat' dir='ltr'><strong>magis</strong></span> <span class='ocrx_word' id='word_1_197' title='bbox 299 1429 404 1456; x_wconf 78' lang='lat' dir='ltr'><strong>aiiinem</strong></span> <span class='ocrx_word' id='word_1_198' title='bbox 421 1427 570 1463; x_wconf 74' lang='lat' dir='ltr'><strong>suspicioni</strong></span> <span class='ocrx_word' id='word_1_199' title='bbox 593 1428 684 1455; x_wconf 85' lang='lat' dir='ltr'><strong>reddit</strong></span> <span class='ocrx_word' id='word_1_200' title='bbox 709 1428 822 1455; x_wconf 86' lang='lat' dir='ltr'><strong>sceleris</strong></span> <span class='ocrx_word' id='word_1_201' title='bbox 838 1435 902 1455; x_wconf 87' lang='lat' dir='ltr'><strong>vere</strong></span> <span class='ocrx_word' id='word_1_202' title='bbox 922 1435 982 1455; x_wconf 85' lang='lat' dir='ltr'><strong>sus-</strong></span> 
     </span>
    </p>
   </div>
   <div class='ocr_carea' id='block_1_33' title="bbox 197 1473 982 1510">
    <p class='ocr_par' dir='ltr' id='par_1_33' title="bbox 197 1473 982 1510">
     <span class='ocr_line' id='line_1_33' title="bbox 197 1473 982 1510; baseline -0.003 -8"><span class='ocrx_word' id='word_1_203' title='bbox 197 1476 280 1510; x_wconf 87' lang='lat' dir='ltr'><strong>cepti.</strong></span> <span class='ocrx_word' id='word_1_204' title='bbox 310 1474 366 1502; x_wconf 82' lang='lat' dir='ltr'><strong>Cur</strong></span> <span class='ocrx_word' id='word_1_205' title='bbox 380 1474 463 1505; x_wconf 84' lang='lat' dir='ltr'><strong>enim.</strong></span> <span class='ocrx_word' id='word_1_206' title='bbox 481 1474 503 1501; x_wconf 86' lang='lat' dir='ltr'><strong>si</strong></span> <span class='ocrx_word' id='word_1_207' title='bbox 518 1473 688 1501; x_wconf 84' lang='lat' dir='ltr'><strong>conscientia</strong></span> <span class='ocrx_word' id='word_1_208' title='bbox 701 1473 836 1501; x_wconf 80' lang='lat' dir='ltr'><strong>niteretur</strong></span> <span class='ocrx_word' id='word_1_209' title='bbox 851 1473 982 1500; x_wconf 86' lang='lat' dir='ltr'><strong>innocen-</strong></span> 
     </span>
    </p>
   </div>
   <div class='ocr_carea' id='block_1_34' title="bbox 1029 225 1824 262">
    <p class='ocr_par' dir='ltr' id='par_1_34' title="bbox 1029 225 1824 262">
     <span class='ocr_line' id='line_1_34' title="bbox 1029 225 1824 262; baseline -0.001 -9"><span class='ocrx_word' id='word_1_210' title='bbox 1029 227 1147 258; x_wconf 74' lang='grc' dir='ltr'>Σκύθαις</span> <span class='ocrx_word' id='word_1_211' title='bbox 1173 226 1325 261; x_wconf 73' lang='grc' dir='ltr'>τηνικαῦτα</span> <span class='ocrx_word' id='word_1_212' title='bbox 1353 226 1532 252; x_wconf 67' lang='grc' dir='ltr'>συνεϐούλευε</span> <span class='ocrx_word' id='word_1_213' title='bbox 1552 226 1602 257; x_wconf 78' lang='grc' dir='ltr'><strong>τὰς</strong></span> <span class='ocrx_word' id='word_1_214' title='bbox 1634 225 1745 261; x_wconf 74' lang='grc' dir='ltr'>ἀμάξας</span> <span class='ocrx_word' id='word_1_215' title='bbox 1768 230 1824 262; x_wconf 71' lang='grc' dir='ltr'>μὲν</span> 
     </span>
    </p>
   </div>
   <div class='ocr_carea' id='block_1_35' title="bbox 1030 271 1824 308">
    <p class='ocr_par' dir='ltr' id='par_1_35' title="bbox 1030 271 1824 308">
     <span class='ocr_line' id='line_1_35' title="bbox 1030 271 1824 308; baseline 0 -9"><span class='ocrx_word' id='word_1_216' title='bbox 1030 273 1170 308; x_wconf 71' lang='grc' dir='ltr'><strong>στοιχηδὸν</strong></span> <span class='ocrx_word' id='word_1_217' title='bbox 1195 272 1377 307; x_wconf 70' lang='grc' dir='ltr'>καταστῆσαι,</span> <span class='ocrx_word' id='word_1_218' title='bbox 1403 272 1504 302; x_wconf 76' lang='grc' dir='ltr'>αὐτοὺς</span> <span class='ocrx_word' id='word_1_219' title='bbox 1518 271 1545 298; x_wconf 77' lang='grc' dir='ltr'>δὲ</span> <span class='ocrx_word' id='word_1_220' title='bbox 1573 271 1610 307; x_wconf 77' lang='grc' dir='ltr'>μὴ</span> <span class='ocrx_word' id='word_1_221' title='bbox 1635 272 1755 299; x_wconf 75' lang='grc' dir='ltr'><strong>δεδιέναι</strong></span> <span class='ocrx_word' id='word_1_222' title='bbox 1775 273 1824 300; x_wconf 74' lang='grc' dir='ltr'>τὸν</span> 
     </span>
    </p>
   </div>
   <div class='ocr_carea' id='block_1_36' title="bbox 1029 317 1825 354">
    <p class='ocr_par' dir='ltr' id='par_1_36' title="bbox 1029 317 1825 354">
     <span class='ocr_line' id='line_1_36' title="bbox 1029 317 1825 354; baseline 0 -10"><span class='ocrx_word' id='word_1_223' title='bbox 1029 319 1231 353; x_wconf 69' lang='grc' dir='ltr'>αὐτοκράτορα,</span> <span class='ocrx_word' id='word_1_224' title='bbox 1246 318 1437 353; x_wconf 75' lang='grc' dir='ltr'><strong>τετραμμένον</strong></span> <span class='ocrx_word' id='word_1_225' title='bbox 1450 326 1479 344; x_wconf 89' lang='grc' dir='ltr'><strong>τε</strong></span> <span class='ocrx_word' id='word_1_226' title='bbox 1494 317 1557 344; x_wconf 81' lang='grc' dir='ltr'>ὖντα</span> <span class='ocrx_word' id='word_1_227' title='bbox 1572 317 1622 353; x_wconf 70' lang='grc' dir='ltr'><strong>ἤδη</strong></span> <span class='ocrx_word' id='word_1_228' title='bbox 1639 319 1670 344; x_wconf 81' lang='grc' dir='ltr'><strong>ἐκ</strong></span> <span class='ocrx_word' id='word_1_229' title='bbox 1682 320 1730 354; x_wconf 70' lang='grc' dir='ltr'>τῆς</span> <span class='ocrx_word' id='word_1_230' title='bbox 1745 319 1825 354; x_wconf 82' lang='grc' dir='ltr'><strong>πρώ-</strong></span> 
     </span>
    </p>
   </div>
   <div class='ocr_carea' id='block_1_37' title="bbox 1028 364 1823 401">
    <p class='ocr_par' dir='ltr' id='par_1_37' title="bbox 1028 364 1823 401">
     <span class='ocr_line' id='line_1_37' title="bbox 1028 364 1823 401; baseline 0 -10"><span class='ocrx_word' id='word_1_231' title='bbox 1028 374 1077 401; x_wconf 86' lang='grc' dir='ltr'><strong>της</strong></span> <span class='ocrx_word' id='word_1_232' title='bbox 1093 366 1178 400; x_wconf 76' lang='grc' dir='ltr'>ἦττης</span> <span class='ocrx_word' id='word_1_233' title='bbox 1203 366 1251 392; x_wconf 73' lang='grc' dir='ltr'>καὶ</span> <span class='ocrx_word' id='word_1_234' title='bbox 1282 365 1350 400; x_wconf 75' lang='grc' dir='ltr'>πρὸς</span> <span class='ocrx_word' id='word_1_235' title='bbox 1370 364 1459 399; x_wconf 78' lang='grc' dir='ltr'>φυγὴν</span> <span class='ocrx_word' id='word_1_236' title='bbox 1489 364 1611 399; x_wconf 73' lang='grc' dir='ltr'>ἕτοιμον,</span> <span class='ocrx_word' id='word_1_237' title='bbox 1637 366 1738 392; x_wconf 73' lang='grc' dir='ltr'>σπάνιν</span> <span class='ocrx_word' id='word_1_238' title='bbox 1765 366 1823 392; x_wconf 79' lang='grc' dir='ltr'>τῶν</span> 
     </span>
    </p>
   </div>
   <div class='ocr_carea' id='block_1_38' title="bbox 1031 410 1824 447">
    <p class='ocr_par' dir='ltr' id='par_1_38' title="bbox 1031 410 1824 447">
     <span class='ocr_line' id='line_1_38' title="bbox 1031 410 1824 447; baseline 0 -9"><span class='ocrx_word' id='word_1_239' title='bbox 1031 411 1246 447; x_wconf 76' lang='grc' dir='ltr'><strong>στρατευμάτων</strong></span> <span class='ocrx_word' id='word_1_240' title='bbox 1262 410 1380 438; x_wconf 76' lang='grc' dir='ltr'>καὶτῶν</span> <span class='ocrx_word' id='word_1_241' title='bbox 1408 411 1565 445; x_wconf 79' lang='grc' dir='ltr'>συμμάχων</span> <span class='ocrx_word' id='word_1_242' title='bbox 1585 410 1694 446; x_wconf 76' lang='grc' dir='ltr'>ἔχοντα.</span> <span class='ocrx_word' id='word_1_243' title='bbox 1722 411 1824 438; x_wconf 82' lang='grc' dir='ltr'>Ταῦτα</span> 
     </span>
    </p>
   </div>
   <div class='ocr_carea' id='block_1_39' title="bbox 1030 457 1824 493">
    <p class='ocr_par' dir='ltr' id='par_1_39' title="bbox 1030 457 1824 493">
     <span class='ocr_line' id='line_1_39' title="bbox 1030 457 1824 493; baseline 0 -8"><span class='ocrx_word' id='word_1_244' title='bbox 1030 458 1116 486; x_wconf 82' lang='grc' dir='ltr'>εἰπὼν</span> <span class='ocrx_word' id='word_1_245' title='bbox 1128 459 1236 486; x_wconf 81' lang='grc' dir='ltr'><strong>κάτεισι</strong></span> <span class='ocrx_word' id='word_1_246' title='bbox 1255 458 1324 493; x_wconf 84' lang='grc' dir='ltr'>πρὸς</span> <span class='ocrx_word' id='word_1_247' title='bbox 1338 458 1384 484; x_wconf 77' lang='grc' dir='ltr'><strong>τὸν</strong></span> <span class='ocrx_word' id='word_1_248' title='bbox 1410 457 1616 493; x_wconf 84' lang='grc' dir='ltr'>αὐτοκράτορα.</span> <span class='ocrx_word' id='word_1_249' title='bbox 1639 457 1824 492; x_wconf 71' lang='grc' dir='ltr'><strong>Μιξοὸάρὸα-</strong></span> 
     </span>
    </p>
   </div>
   <div class='ocr_carea' id='block_1_40' title="bbox 1031 504 1826 541">
    <p class='ocr_par' dir='ltr' id='par_1_40' title="bbox 1031 504 1826 541">
     <span class='ocr_line' id='line_1_40' title="bbox 1031 504 1826 541; baseline -0.003 -9"><span class='ocrx_word' id='word_1_250' title='bbox 1031 514 1077 541; x_wconf 86' lang='grc' dir='ltr'><strong>ρος</strong></span> <span class='ocrx_word' id='word_1_251' title='bbox 1092 505 1121 532; x_wconf 79' lang='grc' dir='ltr'>δέ</span> <span class='ocrx_word' id='word_1_252' title='bbox 1134 514 1174 537; x_wconf 89' lang='grc' dir='ltr'><strong>τις</strong></span> <span class='ocrx_word' id='word_1_253' title='bbox 1189 505 1311 540; x_wconf 83' lang='grc' dir='ltr'>εἰδήμων</span> <span class='ocrx_word' id='word_1_254' title='bbox 1327 504 1379 540; x_wconf 84' lang='grc' dir='ltr'>τῆς</span> <span class='ocrx_word' id='word_1_255' title='bbox 1403 504 1541 538; x_wconf 79' lang='grc' dir='ltr'><strong>Σκυθικῆς</strong></span> <span class='ocrx_word' id='word_1_256' title='bbox 1557 504 1713 537; x_wconf 77' lang='grc' dir='ltr'><strong>διαλέκτου,</strong></span> <span class='ocrx_word' id='word_1_257' title='bbox 1727 505 1826 536; x_wconf 72' lang='grc' dir='ltr'>συνεὶς</span> 
     </span>
    </p>
   </div>
   <div class='ocr_carea' id='block_1_41' title="bbox 1030 550 1825 586">
    <p class='ocr_par' dir='ltr' id='par_1_41' title="bbox 1030 550 1825 586">
     <span class='ocr_line' id='line_1_41' title="bbox 1030 550 1825 586; baseline -0.003 -8"><span class='ocrx_word' id='word_1_258' title='bbox 1030 551 1064 578; x_wconf 82' lang='grc' dir='ltr'>τὰ</span> <span class='ocrx_word' id='word_1_259' title='bbox 1084 552 1153 586; x_wconf 83' lang='grc' dir='ltr'>πρὸς</span> <span class='ocrx_word' id='word_1_260' title='bbox 1170 551 1236 582; x_wconf 75' lang='grc' dir='ltr'>τοὺς</span> <span class='ocrx_word' id='word_1_261' title='bbox 1247 550 1355 581; x_wconf 79' lang='grc' dir='ltr'><strong>Σκύθας</strong></span> <span class='ocrx_word' id='word_1_262' title='bbox 1375 551 1453 585; x_wconf 80' lang='grc' dir='ltr'>παρὰ</span> <span class='ocrx_word' id='word_1_263' title='bbox 1467 550 1514 577; x_wconf 83' lang='grc' dir='ltr'>τοῦ</span> <span class='ocrx_word' id='word_1_264' title='bbox 1529 550 1656 585; x_wconf 80' lang='grc' dir='ltr'>Νεάντζη</span> <span class='ocrx_word' id='word_1_265' title='bbox 1673 550 1825 585; x_wconf 79' lang='grc' dir='ltr'>λεχθέντα,</span> 
     </span>
    </p>
   </div>
   <div class='ocr_carea' id='block_1_42' title="bbox 1031 596 1826 633">
    <p class='ocr_par' dir='ltr' id='par_1_42' title="bbox 1031 596 1826 633">
     <span class='ocr_line' id='line_1_42' title="bbox 1031 596 1826 633; baseline -0.001 -9"><span class='ocrx_word' id='word_1_266' title='bbox 1031 597 1201 632; x_wconf 78' lang='grc' dir='ltr'><strong>ἀπαγγέλλει</strong></span> <span class='ocrx_word' id='word_1_267' title='bbox 1224 597 1316 624; x_wconf 86' lang='grc' dir='ltr'>πάντα</span> <span class='ocrx_word' id='word_1_268' title='bbox 1334 597 1366 629; x_wconf 75' lang='grc'><strong>,⁸⁸</strong></span> <span class='ocrx_word' id='word_1_269' title='bbox 1384 596 1423 632; x_wconf 81' lang='grc' dir='ltr'>τῷ</span> <span class='ocrx_word' id='word_1_270' title='bbox 1438 596 1555 631; x_wconf 75' lang='grc' dir='ltr'>βασιλεῖ.</span> <span class='ocrx_word' id='word_1_271' title='bbox 1576 596 1619 623; x_wconf 84' lang='grc' dir='ltr'>Ἐν</span> <span class='ocrx_word' id='word_1_272' title='bbox 1640 597 1774 633; x_wconf 65' lang='lat' dir='ltr'><strong>oleoque;</strong></span> <span class='ocrx_word' id='word_1_273' title='bbox 1796 597 1826 623; x_wconf 73' lang='grc' dir='ltr'>δὲ</span> 
     </span>
    </p>
   </div>
   <div class='ocr_carea' id='block_1_43' title="bbox 1030 643 1826 678">
    <p class='ocr_par' dir='ltr' id='par_1_43' title="bbox 1030 643 1826 678">
     <span class='ocr_line' id='line_1_43' title="bbox 1030 643 1826 678; baseline 0 -8"><span class='ocrx_word' id='word_1_274' title='bbox 1030 643 1125 670; x_wconf 88' lang='grc' dir='ltr'>τούτου</span> <span class='ocrx_word' id='word_1_275' title='bbox 1146 644 1292 678; x_wconf 83' lang='grc' dir='ltr'>γενόμενος</span> <span class='ocrx_word' id='word_1_276' title='bbox 1306 644 1318 669; x_wconf 77' lang='grc' dir='ltr'><strong>ο</strong></span> <span class='ocrx_word' id='word_1_277' title='bbox 1335 643 1489 678; x_wconf 81' lang='grc' dir='ltr'>Νεάντζης,</span> <span class='ocrx_word' id='word_1_278' title='bbox 1502 643 1628 678; x_wconf 78' lang='grc' dir='ltr'><strong>ἀνεζήτει</strong></span> <span class='ocrx_word' id='word_1_279' title='bbox 1639 644 1684 670; x_wconf 82' lang='grc' dir='ltr'><strong>τὸν</strong></span> <span class='ocrx_word' id='word_1_280' title='bbox 1696 644 1826 678; x_wconf 64' lang='grc' dir='ltr'>ἔλεγχον</span> 
     </span>
    </p>
   </div>
   <div class='ocr_carea' id='block_1_44' title="bbox 1031 689 1826 725">
    <p class='ocr_par' dir='ltr' id='par_1_44' title="bbox 1031 689 1826 725">
     <span class='ocr_line' id='line_1_44' title="bbox 1031 689 1826 725; baseline 0 -9"><span class='ocrx_word' id='word_1_281' title='bbox 1031 689 1219 725; x_wconf 78' lang='grc' dir='ltr'><strong>ἀναισχύντως</strong></span> <span class='ocrx_word' id='word_1_282' title='bbox 1241 690 1264 716; x_wconf 81' lang='grc' dir='ltr'>δ’</span> <span class='ocrx_word' id='word_1_283' title='bbox 1288 689 1302 715; x_wconf 86' lang='grc' dir='ltr'>ὁ</span> <span class='ocrx_word' id='word_1_284' title='bbox 1322 690 1528 724; x_wconf 74' lang='grc' dir='ltr'>μιξοϐάρϐαρος</span> <span class='ocrx_word' id='word_1_285' title='bbox 1555 691 1594 721; x_wconf 91' lang='grc' dir='ltr'><strong>είς</strong></span> <span class='ocrx_word' id='word_1_286' title='bbox 1619 690 1704 725; x_wconf 80' lang='grc' dir='ltr'>μέσον</span> <span class='ocrx_word' id='word_1_287' title='bbox 1734 690 1826 716; x_wconf 70' lang='grc' dir='ltr'>ἐλθὼν</span> 
     </span>
    </p>
   </div>
   <div class='ocr_carea' id='block_1_45' title="bbox 1032 735 1825 771">
    <p class='ocr_par' dir='ltr' id='par_1_45' title="bbox 1032 735 1825 771">
     <span class='ocr_line' id='line_1_45' title="bbox 1032 735 1825 771; baseline -0.003 -9"><span class='ocrx_word' id='word_1_288' title='bbox 1032 736 1157 771; x_wconf 68' lang='grc' dir='ltr'>ἤλεγχεν.</span> <span class='ocrx_word' id='word_1_289' title='bbox 1181 735 1302 767; x_wconf 82' lang='grc' dir='ltr'>Ἐκεῖνος</span> <span class='ocrx_word' id='word_1_290' title='bbox 1316 735 1355 768; x_wconf 82' lang='grc' dir='ltr'>δὲ,</span> <span class='ocrx_word' id='word_1_291' title='bbox 1370 735 1401 762; x_wconf 74' lang='grc' dir='ltr'><strong>τὸ</strong></span> <span class='ocrx_word' id='word_1_292' title='bbox 1421 735 1499 770; x_wconf 76' lang='grc' dir='ltr'>ξίφος</span> <span class='ocrx_word' id='word_1_293' title='bbox 1519 735 1619 770; x_wconf 79' lang='grc' dir='ltr'>ἀθρόον</span> <span class='ocrx_word' id='word_1_294' title='bbox 1632 735 1825 770; x_wconf 74' lang='grc' dir='ltr'>σπασάμενο-,</span> 
     </span>
    </p>
   </div>
   <div class='ocr_carea' id='block_1_46' title="bbox 1032 781 1826 817">
    <p class='ocr_par' dir='ltr' id='par_1_46' title="bbox 1032 781 1826 817">
     <span class='ocr_line' id='line_1_46' title="bbox 1032 781 1826 817; baseline 0 -9"><span class='ocrx_word' id='word_1_295' title='bbox 1032 782 1154 816; x_wconf 73' lang='grc' dir='ltr'>ἀπέκοψε</span> <span class='ocrx_word' id='word_1_296' title='bbox 1182 781 1345 817; x_wconf 78' lang='grc' dir='ltr'>τάνθρώπου</span> <span class='ocrx_word' id='word_1_297' title='bbox 1364 782 1413 817; x_wconf 77' lang='grc' dir='ltr'>τὴν</span> <span class='ocrx_word' id='word_1_298' title='bbox 1443 782 1577 817; x_wconf 79' lang='grc' dir='ltr'>κεφαλὴν,</span> <span class='ocrx_word' id='word_1_299' title='bbox 1607 781 1692 809; x_wconf 82' lang='grc' dir='ltr'>αὐτοῦ</span> <span class='ocrx_word' id='word_1_300' title='bbox 1712 790 1743 808; x_wconf 79' lang='grc' dir='ltr'><strong>τε</strong></span> <span class='ocrx_word' id='word_1_301' title='bbox 1776 782 1826 808; x_wconf 76' lang='grc' dir='ltr'>τοῦ</span> 
     </span>
    </p>
   </div>
   <div class='ocr_carea' id='block_1_47' title="bbox 1034 820 1827 864">
    <p class='ocr_par' dir='ltr' id='par_1_47' title="bbox 1034 820 1827 864">
     <span class='ocr_line' id='line_1_47' title="bbox 1034 820 1827 864; baseline -0.001 -9"><span class='ocrx_word' id='word_1_302' title='bbox 1034 828 1168 864; x_wconf 75' lang='grc' dir='ltr'>βασιλέως</span> <span class='ocrx_word' id='word_1_303' title='bbox 1191 827 1312 864; x_wconf 77' lang='grc' dir='ltr'><strong>ὁρῶντος</strong></span> <span class='ocrx_word' id='word_1_304' title='bbox 1329 829 1375 855; x_wconf 80' lang='grc' dir='ltr'>καὶ</span> <span class='ocrx_word' id='word_1_305' title='bbox 1389 820 1561 863; x_wconf 80' lang='grc' dir='ltr'>ἑκατέρωθεν</span> <span class='ocrx_word' id='word_1_306' title='bbox 1587 828 1642 855; x_wconf 84' lang='grc' dir='ltr'><strong>τῶν</strong></span> <span class='ocrx_word' id='word_1_307' title='bbox 1670 828 1827 864; x_wconf 76' lang='grc' dir='ltr'>φαλάγγων</span> 
     </span>
    </p>
   </div>
   <div class='ocr_carea' id='block_1_48' title="bbox 998 861 1828 910">
    <p class='ocr_par' dir='ltr' id='par_1_48' title="bbox 998 861 1828 910">
     <span class='ocr_line' id='line_1_48' title="bbox 998 861 1828 910; baseline -0.002 -8"><span class='ocrx_word' id='word_1_308' title='bbox 998 861 1018 889; x_wconf 75' lang='grc' dir='ltr'><strong>Β</strong></span> <span class='ocrx_word' id='word_1_309' title='bbox 1035 861 1197 910; x_wconf 81' lang='grc' dir='ltr'>ίσταμένων·</span> <span class='ocrx_word' id='word_1_310' title='bbox 1209 861 1270 908; x_wconf 76' lang='grc' dir='ltr'>καὶ,</span> <span class='ocrx_word' id='word_1_311' title='bbox 1279 872 1368 910; x_wconf 80' lang='grc' dir='ltr'>οἶμαι,</span> <span class='ocrx_word' id='word_1_312' title='bbox 1379 874 1429 910; x_wconf 82' lang='grc' dir='ltr'>τὴν</span> <span class='ocrx_word' id='word_1_313' title='bbox 1440 861 1561 910; x_wconf 72' lang='grc' dir='ltr'>ὑποψίαν</span> <span class='ocrx_word' id='word_1_314' title='bbox 1570 876 1620 910; x_wconf 82' lang='grc' dir='ltr'>τῆς</span> <span class='ocrx_word' id='word_1_315' title='bbox 1634 861 1828 909; x_wconf 68' lang='grc' dir='ltr'><strong>συκοφαντίας</strong></span> 
     </span>
    </p>
   </div>
   <div class='ocr_carea' id='block_1_49' title="bbox 1032 919 1827 956">
    <p class='ocr_par' dir='ltr' id='par_1_49' title="bbox 1032 919 1827 956">
     <span class='ocr_line' id='line_1_49' title="bbox 1032 919 1827 956; baseline -0.003 -8"><span class='ocrx_word' id='word_1_316' title='bbox 1032 923 1046 948; x_wconf 88' lang='grc' dir='ltr'><strong>ὀ</strong></span> <span class='ocrx_word' id='word_1_317' title='bbox 1061 921 1203 956; x_wconf 78' lang='grc' dir='ltr'>Νεάντζης</span> <span class='ocrx_word' id='word_1_318' title='bbox 1220 920 1365 953; x_wconf 78' lang='grc' dir='ltr'>ἐκκλίνων,</span> <span class='ocrx_word' id='word_1_319' title='bbox 1381 921 1413 947; x_wconf 77' lang='grc' dir='ltr'><strong>ἐκ</strong></span> <span class='ocrx_word' id='word_1_320' title='bbox 1430 920 1479 956; x_wconf 85' lang='grc' dir='ltr'>τῆς</span> <span class='ocrx_word' id='word_1_321' title='bbox 1498 921 1606 956; x_wconf 84' lang='grc' dir='ltr'><strong>σφαγῆς</strong></span> <span class='ocrx_word' id='word_1_322' title='bbox 1619 919 1666 947; x_wconf 79' lang='grc' dir='ltr'><strong>τοῦ</strong></span> <span class='ocrx_word' id='word_1_323' title='bbox 1679 928 1827 954; x_wconf 76' lang='grc' dir='ltr'>συκοφαν-</span> 
     </span>
    </p>
   </div>
   <div class='ocr_carea' id='block_1_50' title="bbox 1031 966 1827 1002">
    <p class='ocr_par' dir='ltr' id='par_1_50' title="bbox 1031 966 1827 1002">
     <span class='ocr_line' id='line_1_50' title="bbox 1031 966 1827 1002; baseline -0.004 -7"><span class='ocrx_word' id='word_1_324' title='bbox 1031 968 1142 999; x_wconf 76' lang='grc' dir='ltr'>τοῦντος</span> <span class='ocrx_word' id='word_1_325' title='bbox 1176 968 1299 994; x_wconf 75' lang='grc' dir='ltr'>ὕποπτον</span> <span class='ocrx_word' id='word_1_326' title='bbox 1325 966 1428 1001; x_wconf 81' lang='grc' dir='ltr'>μᾶλλον</span> <span class='ocrx_word' id='word_1_327' title='bbox 1448 966 1545 993; x_wconf 77' lang='grc' dir='ltr'>ἑαυτὸν</span> <span class='ocrx_word' id='word_1_328' title='bbox 1561 966 1689 1002; x_wconf 84' lang='grc' dir='ltr'>καθιστᾷ.</span> <span class='ocrx_word' id='word_1_329' title='bbox 1716 966 1750 992; x_wconf 80' lang='grc' dir='ltr'>Τί</span> <span class='ocrx_word' id='word_1_330' title='bbox 1770 966 1827 1001; x_wconf 74' lang='grc' dir='ltr'><strong>γὰρ</strong></span> 
     </span>
    </p>
   </div>
   <div class='ocr_carea' id='block_1_51' title="bbox 1034 1013 1828 1051">
    <p class='ocr_par' dir='ltr' id='par_1_51' title="bbox 1034 1013 1828 1051">
     <span class='ocr_line' id='line_1_51' title="bbox 1034 1013 1828 1051; baseline -0.003 -10"><span class='ocrx_word' id='word_1_331' title='bbox 1034 1015 1071 1051; x_wconf 80' lang='grc' dir='ltr'>μὴ</span> <span class='ocrx_word' id='word_1_332' title='bbox 1088 1015 1133 1041; x_wconf 85' lang='grc' dir='ltr'><strong>τὸν</strong></span> <span class='ocrx_word' id='word_1_333' title='bbox 1149 1014 1263 1050; x_wconf 79' lang='grc' dir='ltr'>ἔλεγχον</span> <span class='ocrx_word' id='word_1_334' title='bbox 1287 1014 1472 1049; x_wconf 82' lang='grc' dir='ltr'>περιέμενεν;</span> <span class='ocrx_word' id='word_1_335' title='bbox 1495 1013 1568 1041; x_wconf 78' lang='grc' dir='ltr'>Ἀλλ’</span> <span class='ocrx_word' id='word_1_336' title='bbox 1583 1015 1620 1046; x_wconf 85' lang='grc' dir='ltr'><strong>ὡς</strong></span> <span class='ocrx_word' id='word_1_337' title='bbox 1645 1014 1719 1041; x_wconf 74' lang='grc' dir='ltr'>ἔοικε</span> <span class='ocrx_word' id='word_1_338' title='bbox 1733 1013 1828 1046; x_wconf 83' lang='grc' dir='ltr'>γλῶτ-</span> 
     </span>
    </p>
   </div>
   <div class='ocr_carea' id='block_1_52' title="bbox 1031 1060 1828 1096">
    <p class='ocr_par' dir='ltr' id='par_1_52' title="bbox 1031 1060 1828 1096">
     <span class='ocr_line' id='line_1_52' title="bbox 1031 1060 1828 1096; baseline -0.001 -7"><span class='ocrx_word' id='word_1_339' title='bbox 1031 1061 1203 1089; x_wconf 65' lang='grc' dir='ltr'>ταννὲοέλων</span> <span class='ocrx_word' id='word_1_340' title='bbox 1239 1062 1418 1096; x_wconf 79' lang='grc' dir='ltr'>προαναιρεῖν</span> <span class='ocrx_word' id='word_1_341' title='bbox 1442 1060 1646 1096; x_wconf 78' lang='grc' dir='ltr'>ὲξορχουμὲνην</span> <span class='ocrx_word' id='word_1_342' title='bbox 1674 1061 1725 1092; x_wconf 77' lang='grc' dir='ltr'><strong>τὰς</strong></span> <span class='ocrx_word' id='word_1_343' title='bbox 1764 1062 1828 1089; x_wconf 81' lang='grc' dir='ltr'>κατ’</span> 
     </span>
    </p>
   </div>
   <div class='ocr_carea' id='block_1_53' title="bbox 1032 1107 1822 1144">
    <p class='ocr_par' dir='ltr' id='par_1_53' title="bbox 1032 1107 1822 1144">
     <span class='ocr_line' id='line_1_53' title="bbox 1032 1107 1822 1144; baseline -0.001 -9"><span class='ocrx_word' id='word_1_344' title='bbox 1032 1108 1113 1136; x_wconf 80' lang='grc' dir='ltr'>αὑτὸν</span> <span class='ocrx_word' id='word_1_345' title='bbox 1138 1108 1308 1143; x_wconf 82' lang='grc' dir='ltr'>δολιότητας,</span> <span class='ocrx_word' id='word_1_346' title='bbox 1340 1107 1428 1143; x_wconf 78' lang='grc' dir='ltr'>τολμᾷ</span> <span class='ocrx_word' id='word_1_347' title='bbox 1448 1116 1475 1134; x_wconf 93' lang='grc' dir='ltr'>τι</span> <span class='ocrx_word' id='word_1_348' title='bbox 1499 1108 1547 1134; x_wconf 81' lang='grc' dir='ltr'>καὶ</span> <span class='ocrx_word' id='word_1_349' title='bbox 1574 1107 1822 1144; x_wconf 74' lang='grc' dir='ltr'>παραϐολώτερον,</span> 
     </span>
    </p>
   </div>
   <div class='ocr_carea' id='block_1_54' title="bbox 1033 1153 1829 1188">
    <p class='ocr_par' dir='ltr' id='par_1_54' title="bbox 1033 1153 1829 1188">
     <span class='ocr_line' id='line_1_54' title="bbox 1033 1153 1829 1188; baseline -0.001 -8"><span class='ocrx_word' id='word_1_350' title='bbox 1033 1155 1150 1188; x_wconf 76' lang='grc' dir='ltr'>πρᾶγμα</span> <span class='ocrx_word' id='word_1_351' title='bbox 1167 1154 1284 1188; x_wconf 81' lang='grc' dir='ltr'>ποιήσας</span> <span class='ocrx_word' id='word_1_352' title='bbox 1305 1153 1478 1188; x_wconf 72' lang='grc' dir='ltr'>βάρὸαρικῆς</span> <span class='ocrx_word' id='word_1_353' title='bbox 1491 1153 1542 1187; x_wconf 84' lang='grc' dir='ltr'>μὲν</span> <span class='ocrx_word' id='word_1_354' title='bbox 1555 1153 1646 1188; x_wconf 74' lang='grc' dir='ltr'>ψυχῆς</span> <span class='ocrx_word' id='word_1_355' title='bbox 1657 1153 1742 1183; x_wconf 72' lang='grc' dir='ltr'>ἄξιον,</span> <span class='ocrx_word' id='word_1_356' title='bbox 1759 1153 1829 1180; x_wconf 83' lang='grc' dir='ltr'>ὕπο-</span> 
     </span>
    </p>
   </div>
   <div class='ocr_carea' id='block_1_55' title="bbox 1032 1199 1826 1233">
    <p class='ocr_par' dir='ltr' id='par_1_55' title="bbox 1032 1199 1826 1233">
     <span class='ocr_line' id='line_1_55' title="bbox 1032 1199 1826 1233; baseline -0.001 -7"><span class='ocrx_word' id='word_1_357' title='bbox 1032 1200 1142 1227; x_wconf 79' lang='grc' dir='ltr'>πτονδὲ</span> <span class='ocrx_word' id='word_1_358' title='bbox 1170 1200 1309 1232; x_wconf 77' lang='grc' dir='ltr'>τοσοῦτον,</span> <span class='ocrx_word' id='word_1_359' title='bbox 1340 1200 1402 1226; x_wconf 80' lang='grc' dir='ltr'>ὅσον</span> <span class='ocrx_word' id='word_1_360' title='bbox 1420 1199 1468 1226; x_wconf 76' lang='grc' dir='ltr'><strong>κσὶ</strong></span> <span class='ocrx_word' id='word_1_361' title='bbox 1492 1199 1596 1233; x_wconf 80' lang='grc' dir='ltr'><strong>τόλμης</strong></span> <span class='ocrx_word' id='word_1_362' title='bbox 1616 1199 1739 1233; x_wconf 73' lang='grc' dir='ltr'>ἐφίκετο.</span> <span class='ocrx_word' id='word_1_363' title='bbox 1787 1199 1826 1226; x_wconf 79' lang='grc' dir='ltr'><strong>Οὐ</strong></span> 
     </span>
    </p>
   </div>
   <div class='ocr_carea' id='block_1_56' title="bbox 1034 1244 1827 1282">
    <p class='ocr_par' dir='ltr' id='par_1_56' title="bbox 1034 1244 1827 1282">
     <span class='ocr_line' id='line_1_56' title="bbox 1034 1244 1827 1282; baseline -0.001 -10"><span class='ocrx_word' id='word_1_364' title='bbox 1034 1247 1088 1282; x_wconf 86' lang='grc' dir='ltr'>μὴν</span> <span class='ocrx_word' id='word_1_365' title='bbox 1101 1247 1115 1272; x_wconf 82' lang='grc' dir='ltr'>ὁ</span> <span class='ocrx_word' id='word_1_366' title='bbox 1130 1246 1259 1281; x_wconf 67' lang='grc' dir='ltr'>βασιλεὺς</span> <span class='ocrx_word' id='word_1_367' title='bbox 1271 1246 1354 1277; x_wconf 76' lang='grc' dir='ltr'>εὐθὺς</span> <span class='ocrx_word' id='word_1_368' title='bbox 1367 1247 1564 1281; x_wconf 77' lang='grc' dir='ltr'><strong>ἐτιμωρήσατο</strong></span> <span class='ocrx_word' id='word_1_369' title='bbox 1578 1246 1600 1262; x_wconf 87' lang='lat'><strong>&quot;°</strong></span> <span class='ocrx_word' id='word_1_370' title='bbox 1611 1246 1657 1272; x_wconf 78' lang='grc' dir='ltr'>τὸν</span> <span class='ocrx_word' id='word_1_371' title='bbox 1671 1244 1827 1280; x_wconf 71' lang='grc' dir='ltr'>βάρϐαρον,</span> 
     </span>
    </p>
   </div>
   <div class='ocr_carea' id='block_1_57' title="bbox 1033 1291 1827 1327">
    <p class='ocr_par' dir='ltr' id='par_1_57' title="bbox 1033 1291 1827 1327">
     <span class='ocr_line' id='line_1_57' title="bbox 1033 1291 1827 1327; baseline -0.001 -8"><span class='ocrx_word' id='word_1_372' title='bbox 1033 1293 1093 1319; x_wconf 72' lang='grc' dir='ltr'>οὐδὲ</span> <span class='ocrx_word' id='word_1_373' title='bbox 1107 1292 1244 1327; x_wconf 78' lang='grc' dir='ltr'>ὑπεξῆλθε</span> <span class='ocrx_word' id='word_1_374' title='bbox 1259 1293 1292 1323; x_wconf 78' lang='grc'><strong>⁸⁸,</strong></span> <span class='ocrx_word' id='word_1_375' title='bbox 1313 1292 1373 1319; x_wconf 82' lang='grc' dir='ltr'>δέον</span> <span class='ocrx_word' id='word_1_376' title='bbox 1400 1293 1444 1320; x_wconf 77' lang='grc' dir='ltr'><strong>ὃν.</strong></span> <span class='ocrx_word' id='word_1_377' title='bbox 1461 1292 1543 1319; x_wconf 77' lang='grc' dir='ltr'>’Δλλὰ</span> <span class='ocrx_word' id='word_1_378' title='bbox 1569 1294 1620 1327; x_wconf 83' lang='grc' dir='ltr'>τὴν</span> <span class='ocrx_word' id='word_1_379' title='bbox 1640 1291 1689 1327; x_wconf 74' lang='grc' dir='ltr'>μὲν</span> <span class='ocrx_word' id='word_1_380' title='bbox 1705 1292 1827 1326; x_wconf 76' lang='grc' dir='ltr'>καρδίαν</span> 
     </span>
    </p>
   </div>
   <div class='ocr_carea' id='block_1_58' title="bbox 1033 1338 1825 1375">
    <p class='ocr_par' dir='ltr' id='par_1_58' title="bbox 1033 1338 1825 1375">
     <span class='ocr_line' id='line_1_58' title="bbox 1033 1338 1825 1375; baseline -0.003 -9"><span class='ocrx_word' id='word_1_381' title='bbox 1033 1338 1209 1373; x_wconf 70' lang='grc' dir='ltr'>παλλομένην</span> <span class='ocrx_word' id='word_1_382' title='bbox 1225 1340 1265 1371; x_wconf 80' lang='grc' dir='ltr'><strong>είς</strong></span> <span class='ocrx_word' id='word_1_383' title='bbox 1283 1338 1370 1373; x_wconf 81' lang='grc' dir='ltr'>θυμὸν</span> <span class='ocrx_word' id='word_1_384' title='bbox 1386 1338 1434 1365; x_wconf 79' lang='grc' dir='ltr'><strong>καὶ</strong></span> <span class='ocrx_word' id='word_1_385' title='bbox 1459 1339 1547 1375; x_wconf 83' lang='grc' dir='ltr'>ὀργὴν</span> <span class='ocrx_word' id='word_1_386' title='bbox 1563 1339 1681 1373; x_wconf 68' lang='grc' dir='ltr'>ἐπέσχεν</span> <span class='ocrx_word' id='word_1_387' title='bbox 1707 1338 1825 1369; x_wconf 74' lang='grc' dir='ltr'>αὐτίκα,</span> 
     </span>
    </p>
   </div>
   <div class='ocr_carea' id='block_1_59' title="bbox 1033 1384 1826 1421">
    <p class='ocr_par' dir='ltr' id='par_1_59' title="bbox 1033 1384 1826 1421">
     <span class='ocr_line' id='line_1_59' title="bbox 1033 1384 1826 1421; baseline -0.001 -9"><span class='ocrx_word' id='word_1_388' title='bbox 1033 1386 1076 1412; x_wconf 76' lang='grc' dir='ltr'>ἵνα</span> <span class='ocrx_word' id='word_1_389' title='bbox 1095 1385 1132 1420; x_wconf 79' lang='grc' dir='ltr'>μὴ</span> <span class='ocrx_word' id='word_1_390' title='bbox 1149 1385 1312 1421; x_wconf 78' lang='grc' dir='ltr'>προσοὸήσῃ</span> <span class='ocrx_word' id='word_1_391' title='bbox 1327 1385 1377 1420; x_wconf 82' lang='grc' dir='ltr'>τὴν</span> <span class='ocrx_word' id='word_1_392' title='bbox 1393 1385 1480 1420; x_wconf 72' lang='grc' dir='ltr'>θήραν</span> <span class='ocrx_word' id='word_1_393' title='bbox 1506 1386 1555 1412; x_wconf 71' lang='grc' dir='ltr'><strong>καὶ</strong></span> <span class='ocrx_word' id='word_1_394' title='bbox 1579 1384 1686 1421; x_wconf 80' lang='grc' dir='ltr'>ταράξῃ</span> <span class='ocrx_word' id='word_1_395' title='bbox 1703 1384 1756 1416; x_wconf 81' lang='grc' dir='ltr'><strong>τὰς</strong></span> <span class='ocrx_word' id='word_1_396' title='bbox 1771 1384 1826 1419; x_wconf 72' lang='grc' dir='ltr'>φά-</span> 
     </span>
    </p>
   </div>
   <div class='ocr_carea' id='block_1_60' title="bbox 1033 1431 1826 1466">
    <p class='ocr_par' dir='ltr' id='par_1_60' title="bbox 1033 1431 1826 1466">
     <span class='ocr_line' id='line_1_60' title="bbox 1033 1431 1826 1466; baseline -0.001 -8"><span class='ocrx_word' id='word_1_397' title='bbox 1033 1431 1141 1465; x_wconf 84' lang='grc' dir='ltr'>λαγγας</span> <span class='ocrx_word' id='word_1_398' title='bbox 1155 1440 1162 1447; x_wconf 88' lang='grc'>·</span> <span class='ocrx_word' id='word_1_399' title='bbox 1180 1432 1342 1466; x_wconf 82' lang='grc' dir='ltr'>ὲταμιεύετο</span> <span class='ocrx_word' id='word_1_400' title='bbox 1366 1432 1388 1447; x_wconf 87' lang='lat'><strong>&quot;</strong></span> <span class='ocrx_word' id='word_1_401' title='bbox 1404 1431 1433 1458; x_wconf 77' lang='grc' dir='ltr'>δὲ</span> <span class='ocrx_word' id='word_1_402' title='bbox 1449 1433 1496 1458; x_wconf 80' lang='grc' dir='ltr'><strong>καὶ</strong></span> <span class='ocrx_word' id='word_1_403' title='bbox 1513 1431 1658 1466; x_wconf 81' lang='grc' dir='ltr'>ὑπώρυττε</span> <span class='ocrx_word' id='word_1_404' title='bbox 1671 1433 1721 1466; x_wconf 73' lang='grc' dir='ltr'>τὴν</span> <span class='ocrx_word' id='word_1_405' title='bbox 1733 1431 1826 1466; x_wconf 80' lang='grc' dir='ltr'>ὀργὴν</span> 
     </span>
    </p>
   </div>
   <div class='ocr_carea' id='block_1_61' title="bbox 1033 1476 1826 1517">
    <p class='ocr_par' dir='ltr' id='par_1_61' title="bbox 1033 1476 1826 1517">
     <span class='ocr_line' id='line_1_61' title="bbox 1033 1476 1826 1517; baseline -0.001 -13"><span class='ocrx_word' id='word_1_406' title='bbox 1033 1478 1072 1510; x_wconf 85' lang='grc' dir='ltr'>τῷ</span> <span class='ocrx_word' id='word_1_407' title='bbox 1085 1478 1211 1514; x_wconf 78' lang='grc' dir='ltr'>Νεάντζῃ</span> <span class='ocrx_word' id='word_1_408' title='bbox 1235 1477 1329 1504; x_wconf 81' lang='grc' dir='ltr'>τούτου</span> <span class='ocrx_word' id='word_1_409' title='bbox 1354 1477 1498 1513; x_wconf 77' lang='grc' dir='ltr'>προδοσίαν</span> <span class='ocrx_word' id='word_1_410' title='bbox 1520 1477 1569 1504; x_wconf 79' lang='grc' dir='ltr'>τοῦ</span> <span class='ocrx_word' id='word_1_411' title='bbox 1583 1477 1692 1517; x_wconf 33' lang='grc' dir='ltr'>,ἀνδρλς</span> <span class='ocrx_word' id='word_1_412' title='bbox 1711 1476 1763 1503; x_wconf 79' lang='grc' dir='ltr'>καὶ</span> <span class='ocrx_word' id='word_1_413' title='bbox 1776 1476 1826 1511; x_wconf 82' lang='grc' dir='ltr'>τὴν</span> 
     </span>
    </p>
   </div>
   <div class='ocr_carea' id='block_1_62' title="bbox 197 1518 934 1560">
    <p class='ocr_par' dir='ltr' id='par_1_62' title="bbox 197 1518 933 1554">
     <span class='ocr_line' id='line_1_62' title="bbox 197 1518 933 1554; baseline -0.005 -6"><span class='ocrx_word' id='word_1_414' title='bbox 197 1522 252 1554; x_wconf 69' lang='lat' dir='ltr'><strong>tiae,</strong></span> <span class='ocrx_word' id='word_1_415' title='bbox 286 1527 340 1548; x_wconf 90' lang='lat' dir='ltr'><strong>non</strong></span> <span class='ocrx_word' id='word_1_416' title='bbox 374 1521 552 1554; x_wconf 79' lang='lat' dir='ltr'><strong>exspectabat</strong></span> <span class='ocrx_word' id='word_1_417' title='bbox 585 1518 805 1553; x_wconf 86' lang='lat' dir='ltr'><strong>dijttdicationem</strong></span> <span class='ocrx_word' id='word_1_418' title='bbox 836 1518 933 1545; x_wconf 88' lang='lat' dir='ltr'><strong>critnin</strong></span> 
     </span>
    </p>
   </div>
   <div class='ocr_carea' id='block_1_63' title="bbox 1086 1518 1823 1560">
    <p class='ocr_par' dir='ltr' id='par_1_63' title="bbox 1086 1523 1823 1560">
     <span class='ocr_line' id='line_1_63' title="bbox 1086 1523 1823 1560; baseline -0.001 -10"><span class='ocrx_word' id='word_1_419' title='bbox 1086 1525 1204 1551; x_wconf 70' lang='grc' dir='ltr'>ιστασίαν</span> <span class='ocrx_word' id='word_1_420' title='bbox 1224 1524 1272 1550; x_wconf 78' lang='grc' dir='ltr'><strong>καὶ</strong></span> <span class='ocrx_word' id='word_1_421' title='bbox 1293 1524 1347 1551; x_wconf 76' lang='grc' dir='ltr'><strong>ἀπὸ</strong></span> <span class='ocrx_word' id='word_1_422' title='bbox 1369 1524 1423 1550; x_wconf 86' lang='grc' dir='ltr'>τῶν</span> <span class='ocrx_word' id='word_1_423' title='bbox 1449 1524 1695 1560; x_wconf 82' lang='grc' dir='ltr'>προειργασμένων</span> <span class='ocrx_word' id='word_1_424' title='bbox 1717 1524 1769 1550; x_wconf 71' lang='grc' dir='ltr'><strong>καὶ</strong></span> <span class='ocrx_word' id='word_1_425' title='bbox 1796 1523 1823 1555; x_wconf 61' lang='lat' dir='ltr'><strong>si</strong></span> 
     </span>
    </p>
   </div>
   <div class='ocr_carea' id='block_1_64' title="bbox 197 1563 982 1600">
    <p class='ocr_par' dir='ltr' id='par_1_64' title="bbox 197 1563 982 1600">
     <span class='ocr_line' id='line_1_64' title="bbox 197 1563 982 1600; baseline -0.001 -8"><span class='ocrx_word' id='word_1_426' title='bbox 197 1565 298 1600; x_wconf 76' lang='lat' dir='ltr'><strong>Nempe</strong></span> <span class='ocrx_word' id='word_1_427' title='bbox 322 1563 399 1599; x_wconf 84' lang='lat' dir='ltr'><strong>prius</strong></span> <span class='ocrx_word' id='word_1_428' title='bbox 438 1564 560 1591; x_wconf 84' lang='lat' dir='ltr'><strong>exscindi</strong></span> <span class='ocrx_word' id='word_1_429' title='bbox 589 1563 710 1599; x_wconf 77' lang='lat' dir='ltr'><strong>linguam</strong></span> <span class='ocrx_word' id='word_1_430' title='bbox 735 1564 880 1597; x_wconf 89' lang='lat' dir='ltr'><strong>oportebat</strong></span> <span class='ocrx_word' id='word_1_431' title='bbox 905 1565 982 1596; x_wconf 81' lang='lat' dir='ltr'><strong>cujus</strong></span> 
     </span>
    </p>
   </div>
   <div class='ocr_carea' id='block_1_65' title="bbox 198 1610 983 1644">
    <p class='ocr_par' dir='ltr' id='par_1_65' title="bbox 198 1610 983 1644">
     <span class='ocr_line' id='line_1_65' title="bbox 198 1610 983 1644; baseline -0.001 -5"><span class='ocrx_word' id='word_1_432' title='bbox 198 1612 340 1640; x_wconf 88' lang='lat' dir='ltr'><strong>refutando</strong></span> <span class='ocrx_word' id='word_1_433' title='bbox 369 1611 526 1638; x_wconf 84' lang='lat' dir='ltr'><strong>testimonio</strong></span> <span class='ocrx_word' id='word_1_434' title='bbox 543 1610 616 1637; x_wconf 90' lang='lat' dir='ltr'><strong>nulla</strong></span> <span class='ocrx_word' id='word_1_435' title='bbox 633 1617 681 1644; x_wconf 90' lang='lat' dir='ltr'><strong>par</strong></span> <span class='ocrx_word' id='word_1_436' title='bbox 696 1610 808 1638; x_wconf 82' lang='lat' dir='ltr'><strong>audacia</strong></span> <span class='ocrx_word' id='word_1_437' title='bbox 826 1610 983 1638; x_wconf 87' lang='lat' dir='ltr'><strong>dissimula-</strong></span> 
     </span>
    </p>
   </div>
   <div class='ocr_carea' id='block_1_66' title="bbox 198 1655 983 1692">
    <p class='ocr_par' dir='ltr' id='par_1_66' title="bbox 198 1655 983 1692">
     <span class='ocr_line' id='line_1_66' title="bbox 198 1655 983 1692; baseline 0 -7"><span class='ocrx_word' id='word_1_438' title='bbox 198 1657 280 1686; x_wconf 84' lang='lat' dir='ltr'><strong>tionis</strong></span> <span class='ocrx_word' id='word_1_439' title='bbox 305 1657 431 1692; x_wconf 78' lang='lat' dir='ltr'><strong>quamvis</strong></span> <span class='ocrx_word' id='word_1_440' title='bbox 459 1655 624 1692; x_wconf 87' lang='lat' dir='ltr'><strong>impndentis</strong></span> <span class='ocrx_word' id='word_1_441' title='bbox 651 1663 711 1683; x_wconf 87' lang='lat' dir='ltr'><strong>esse</strong></span> <span class='ocrx_word' id='word_1_442' title='bbox 727 1661 838 1691; x_wconf 83' lang='lat' dir='ltr'><strong>posset:</strong></span> <span class='ocrx_word' id='word_1_443' title='bbox 861 1657 983 1691; x_wconf 81' lang='lat' dir='ltr'><strong>satisque</strong></span> 
     </span>
    </p>
   </div>
   <div class='ocr_carea' id='block_1_67' title="bbox 198 1703 982 1739">
    <p class='ocr_par' dir='ltr' id='par_1_67' title="bbox 198 1703 982 1739">
     <span class='ocr_line' id='line_1_67' title="bbox 198 1703 982 1739; baseline -0.003 -8"><span class='ocrx_word' id='word_1_444' title='bbox 198 1704 345 1739; x_wconf 80' lang='lat' dir='ltr'><strong>apparebat</strong></span> <span class='ocrx_word' id='word_1_445' title='bbox 370 1703 501 1730; x_wconf 88' lang='lat' dir='ltr'><strong>indicium</strong></span> <span class='ocrx_word' id='word_1_446' title='bbox 531 1707 559 1730; x_wconf 89' lang='lat' dir='ltr'><strong>et</strong></span> <span class='ocrx_word' id='word_1_447' title='bbox 587 1703 793 1737; x_wconf 72' lang='lat' dir='ltr'><strong>coargutioncm</strong></span> <span class='ocrx_word' id='word_1_448' title='bbox 819 1707 982 1730; x_wconf 83' lang='lat' dir='ltr'><strong>arcanarum</strong></span> 
     </span>
    </p>
   </div>
   <div class='ocr_carea' id='block_1_68' title="bbox 198 1750 984 1784">
    <p class='ocr_par' dir='ltr' id='par_1_68' title="bbox 198 1750 984 1784">
     <span class='ocr_line' id='line_1_68' title="bbox 198 1750 984 1784; baseline -0.005 -4"><span class='ocrx_word' id='word_1_449' title='bbox 198 1752 321 1780; x_wconf 83' lang='lat' dir='ltr'><strong>fraudum</strong></span> <span class='ocrx_word' id='word_1_450' title='bbox 337 1751 464 1778; x_wconf 87' lang='lat' dir='ltr'><strong>inusitata</strong></span> <span class='ocrx_word' id='word_1_451' title='bbox 480 1751 642 1782; x_wconf 80' lang='lat' dir='ltr'><strong>temeritate,</strong></span> <span class='ocrx_word' id='word_1_452' title='bbox 659 1750 777 1777; x_wconf 86' lang='lat' dir='ltr'><strong>immane</strong></span> <span class='ocrx_word' id='word_1_453' title='bbox 792 1757 871 1784; x_wconf 78' lang='lat' dir='ltr'><strong>quam</strong></span> <span class='ocrx_word' id='word_1_454' title='bbox 890 1754 984 1777; x_wconf 35' lang='lat' dir='ltr'><strong>trucu‘</strong></span> 
     </span>
    </p>
   </div>
   <div class='ocr_carea' id='block_1_69' title="bbox 199 1795 985 1832">
    <p class='ocr_par' dir='ltr' id='par_1_69' title="bbox 199 1795 985 1832">
     <span class='ocr_line' id='line_1_69' title="bbox 199 1795 985 1832; baseline -0.005 -6"><span class='ocrx_word' id='word_1_455' title='bbox 199 1799 263 1826; x_wconf 88' lang='lat' dir='ltr'><strong>lenti</strong></span> <span class='ocrx_word' id='word_1_456' title='bbox 279 1798 435 1832; x_wconf 86' lang='lat' dir='ltr'><strong>atrocisque</strong></span> <span class='ocrx_word' id='word_1_457' title='bbox 453 1797 581 1825; x_wconf 77' lang='lat' dir='ltr'><strong>facinoris</strong></span> <span class='ocrx_word' id='word_1_458' title='bbox 605 1796 746 1824; x_wconf 77' lang='lat' dir='ltr'><strong>efferatum</strong></span> <span class='ocrx_word' id='word_1_459' title='bbox 776 1795 922 1824; x_wconf 88' lang='lat' dir='ltr'><strong>barbarum</strong></span> <span class='ocrx_word' id='word_1_460' title='bbox 945 1796 985 1823; x_wconf 85' lang='lat' dir='ltr'><strong>lii-</strong></span> 
     </span>
    </p>
   </div>
   <div class='ocr_carea' id='block_1_70' title="bbox 198 1843 984 1877">
    <p class='ocr_par' dir='ltr' id='par_1_70' title="bbox 198 1843 984 1877">
     <span class='ocr_line' id='line_1_70' title="bbox 198 1843 984 1877; baseline -0.004 -5"><span class='ocrx_word' id='word_1_461' title='bbox 198 1845 329 1872; x_wconf 83' lang='lat' dir='ltr'><strong>crifacere</strong></span> <span class='ocrx_word' id='word_1_462' title='bbox 351 1849 491 1871; x_wconf 84' lang='lat' dir='ltr'><strong>conatum.</strong></span> <span class='ocrx_word' id='word_1_463' title='bbox 519 1843 650 1877; x_wconf 81' lang='lat' dir='ltr'><strong>Equidem</strong></span> <span class='ocrx_word' id='word_1_464' title='bbox 677 1843 761 1870; x_wconf 80' lang='lat' dir='ltr'><strong>miror</strong></span> <span class='ocrx_word' id='word_1_465' title='bbox 785 1843 926 1870; x_wconf 85' lang='lat' dir='ltr'><strong>continere</strong></span> <span class='ocrx_word' id='word_1_466' title='bbox 954 1849 984 1869; x_wconf 88' lang='lat' dir='ltr'><strong>se</strong></span> 
     </span>
    </p>
   </div>
   <div class='ocr_carea' id='block_1_71' title="bbox 199 1889 984 1927">
    <p class='ocr_par' dir='ltr' id='par_1_71' title="bbox 199 1889 984 1927">
     <span class='ocr_line' id='line_1_71' title="bbox 199 1889 984 1927; baseline -0.004 -8"><span class='ocrx_word' id='word_1_467' title='bbox 199 1893 344 1927; x_wconf 77' lang='lat' dir='ltr'><strong>Augustum</strong></span> <span class='ocrx_word' id='word_1_468' title='bbox 358 1891 490 1925; x_wconf 84' lang='lat' dir='ltr'><strong>potuisse,</strong></span> <span class='ocrx_word' id='word_1_469' title='bbox 502 1889 657 1924; x_wconf 85' lang='lat' dir='ltr'><strong>quominus,</strong></span> <span class='ocrx_word' id='word_1_470' title='bbox 673 1893 702 1916; x_wconf 91' lang='lat' dir='ltr'><strong>ut</strong></span> <span class='ocrx_word' id='word_1_471' title='bbox 716 1897 764 1924; x_wconf 87' lang='lat' dir='ltr'><strong>par</strong></span> <span class='ocrx_word' id='word_1_472' title='bbox 778 1893 848 1921; x_wconf 80' lang='lat' dir='ltr'><strong>erat,</strong></span> <span class='ocrx_word' id='word_1_473' title='bbox 866 1889 984 1916; x_wconf 88' lang='lat' dir='ltr'><strong>ulcisce-</strong></span> 
     </span>
    </p>
   </div>
   <div class='ocr_carea' id='block_1_72' title="bbox 199 1935 985 1969">
    <p class='ocr_par' dir='ltr' id='par_1_72' title="bbox 199 1935 985 1969">
     <span class='ocr_line' id='line_1_72' title="bbox 199 1935 985 1969; baseline -0.003 -5"><span class='ocrx_word' id='word_1_474' title='bbox 199 1943 275 1965; x_wconf 85' lang='lat' dir='ltr'><strong>retur</strong></span> <span class='ocrx_word' id='word_1_475' title='bbox 287 1937 391 1969; x_wconf 85' lang='lat' dir='ltr'><strong>statitn,</strong></span> <span class='ocrx_word' id='word_1_476' title='bbox 407 1939 434 1963; x_wconf 90' lang='lat' dir='ltr'><strong>et</strong></span> <span class='ocrx_word' id='word_1_477' title='bbox 449 1935 565 1969; x_wconf 84' lang='lat' dir='ltr'><strong>discerpi</strong></span> <span class='ocrx_word' id='word_1_478' title='bbox 583 1935 690 1969; x_wconf 84' lang='lat' dir='ltr'><strong>jttberet</strong></span> <span class='ocrx_word' id='word_1_479' title='bbox 706 1936 843 1963; x_wconf 88' lang='lat' dir='ltr'><strong>crudelem</strong></span> <span class='ocrx_word' id='word_1_480' title='bbox 868 1935 985 1962; x_wconf 89' lang='lat' dir='ltr'><strong>homici-</strong></span> 
     </span>
    </p>
   </div>
   <div class='ocr_carea' id='block_1_73' title="bbox 203 1980 983 2016">
    <p class='ocr_par' dir='ltr' id='par_1_73' title="bbox 203 1980 983 2016">
     <span class='ocr_line' id='line_1_73' title="bbox 203 1980 983 2016; baseline -0.001 -7"><span class='ocrx_word' id='word_1_481' title='bbox 203 1982 377 2010; x_wconf 83' lang='lat' dir='ltr'><strong>iam.Verum</strong></span> <span class='ocrx_word' id='word_1_482' title='bbox 390 1982 424 2011; x_wconf 86' lang='lat' dir='ltr'><strong>is.</strong></span> <span class='ocrx_word' id='word_1_483' title='bbox 438 1988 488 2016; x_wconf 91' lang='lat' dir='ltr'><strong>pro</strong></span> <span class='ocrx_word' id='word_1_484' title='bbox 501 1985 632 2008; x_wconf 86' lang='lat' dir='ltr'><strong>consueta</strong></span> <span class='ocrx_word' id='word_1_485' title='bbox 645 1980 790 2013; x_wconf 80' lang='lat' dir='ltr'><strong>sapientia,</strong></span> <span class='ocrx_word' id='word_1_486' title='bbox 803 1980 983 2008; x_wconf 67' lang='lat' dir='ltr'><strong>effervescen-</strong></span> 
     </span>
    </p>
   </div>
   <div class='ocr_carea' id='block_1_74' title="bbox 200 2026 983 2063">
    <p class='ocr_par' dir='ltr' id='par_1_74' title="bbox 200 2026 983 2063">
     <span class='ocr_line' id='line_1_74' title="bbox 200 2026 983 2063; baseline -0.001 -8"><span class='ocrx_word' id='word_1_487' title='bbox 200 2033 253 2056; x_wconf 82' lang='lat' dir='ltr'><strong>&#39;ent</strong></span> <span class='ocrx_word' id='word_1_488' title='bbox 281 2028 307 2055; x_wconf 90' lang='lat' dir='ltr'><strong>in</strong></span> <span class='ocrx_word' id='word_1_489' title='bbox 335 2027 434 2063; x_wconf 70' lang='lat' dir='ltr'><strong>iustum</strong></span> <span class='ocrx_word' id='word_1_490' title='bbox 462 2027 528 2053; x_wconf 84' lang='lat' dir='ltr'><strong>iram</strong></span> <span class='ocrx_word' id='word_1_491' title='bbox 556 2026 676 2053; x_wconf 86' lang='lat' dir='ltr'><strong>animum</strong></span> <span class='ocrx_word' id='word_1_492' title='bbox 703 2027 816 2054; x_wconf 80' lang='lat' dir='ltr'><strong>consilio</strong></span> <span class='ocrx_word' id='word_1_493' title='bbox 844 2027 983 2061; x_wconf 80' lang='lat' dir='ltr'><strong>repressit,</strong></span> 
     </span>
    </p>
   </div>
   <div class='ocr_carea' id='block_1_75' title="bbox 201 2073 985 2109">
    <p class='ocr_par' dir='ltr' id='par_1_75' title="bbox 201 2073 985 2109">
     <span class='ocr_line' id='line_1_75' title="bbox 201 2073 985 2109; baseline -0.001 -8"><span class='ocrx_word' id='word_1_494' title='bbox 201 2081 306 2109; x_wconf 77' lang='lat' dir='ltr'><strong>tempus</strong></span> <span class='ocrx_word' id='word_1_495' title='bbox 331 2073 545 2108; x_wconf 78' lang='lat' dir='ltr'><strong>exspectandum</strong></span> <span class='ocrx_word' id='word_1_496' title='bbox 575 2077 716 2107; x_wconf 79' lang='lat' dir='ltr'><strong>reputans,</strong></span> <span class='ocrx_word' id='word_1_497' title='bbox 743 2080 792 2099; x_wconf 89' lang='lat' dir='ltr'><strong>nec</strong></span> <span class='ocrx_word' id='word_1_498' title='bbox 810 2077 838 2099; x_wconf 76' lang='lat' dir='ltr'><strong>Ill</strong></span> <span class='ocrx_word' id='word_1_499' title='bbox 866 2078 922 2100; x_wconf 89' lang='lat' dir='ltr'><strong>tum</strong></span> <span class='ocrx_word' id='word_1_500' title='bbox 942 2081 985 2101; x_wconf 86' lang='lat' dir='ltr'><strong>res</strong></span> 
     </span>
    </p>
   </div>
   <div class='ocr_carea' id='block_1_76' title="bbox 201 2118 985 2154">
    <p class='ocr_par' dir='ltr' id='par_1_76' title="bbox 201 2118 985 2154">
     <span class='ocr_line' id='line_1_76' title="bbox 201 2118 985 2154; baseline -0.003 -7"><span class='ocrx_word' id='word_1_501' title='bbox 201 2124 288 2152; x_wconf 79' lang='lat' dir='ltr'><strong>erant,</strong></span> <span class='ocrx_word' id='word_1_502' title='bbox 301 2125 482 2154; x_wconf 74' lang='lat' dir='ltr'><strong>Opportunum</strong></span> <span class='ocrx_word' id='word_1_503' title='bbox 500 2125 615 2146; x_wconf 83' lang='lat' dir='ltr'><strong>censetis</strong></span> <span class='ocrx_word' id='word_1_504' title='bbox 632 2118 659 2145; x_wconf 89' lang='lat' dir='ltr'><strong>id</strong></span> <span class='ocrx_word' id='word_1_505' title='bbox 675 2125 756 2152; x_wconf 72' lang='lat' dir='ltr'><strong>agere</strong></span> <span class='ocrx_word' id='word_1_506' title='bbox 769 2126 823 2153; x_wconf 91' lang='lat' dir='ltr'><strong>quo</strong></span> <span class='ocrx_word' id='word_1_507' title='bbox 839 2119 985 2153; x_wconf 71' lang='lat' dir='ltr'><strong>procinctu:</strong></span> 
     </span>
    </p>
   </div>
   <div class='ocr_carea' id='block_1_77' title="bbox 201 2165 984 2202">
    <p class='ocr_par' dir='ltr' id='par_1_77' title="bbox 201 2165 984 2202">
     <span class='ocr_line' id='line_1_77' title="bbox 201 2165 984 2202; baseline -0.003 -8"><span class='ocrx_word' id='word_1_508' title='bbox 201 2168 234 2194; x_wconf 86' lang='lat' dir='ltr'><strong>ad</strong></span> <span class='ocrx_word' id='word_1_509' title='bbox 259 2166 382 2202; x_wconf 69' lang='lat' dir='ltr'><strong>praelium</strong></span> <span class='ocrx_word' id='word_1_510' title='bbox 411 2165 514 2192; x_wconf 86' lang='lat' dir='ltr'><strong>turbari</strong></span> <span class='ocrx_word' id='word_1_511' title='bbox 544 2165 691 2200; x_wconf 77' lang='lat' dir='ltr'><strong>phalanges</strong></span> <span class='ocrx_word' id='word_1_512' title='bbox 715 2170 835 2200; x_wconf 86' lang='lat' dir='ltr'><strong>possent,</strong></span> <span class='ocrx_word' id='word_1_513' title='bbox 854 2170 880 2192; x_wconf 90' lang='lat' dir='ltr'><strong>et</strong></span> <span class='ocrx_word' id='word_1_514' title='bbox 895 2165 984 2200; x_wconf 65' lang='lat' dir='ltr'><strong>prada</strong></span> 
     </span>
    </p>
   </div>
   <div class='ocr_carea' id='block_1_78' title="bbox 201 2212 983 2246">
    <p class='ocr_par' dir='ltr' id='par_1_78' title="bbox 201 2212 983 2246">
     <span class='ocr_line' id='line_1_78' title="bbox 201 2212 983 2246; baseline -0.004 -5"><span class='ocrx_word' id='word_1_515' title='bbox 201 2221 263 2242; x_wconf 82' lang='lat' dir='ltr'><strong>.nox</strong></span> <span class='ocrx_word' id='word_1_516' title='bbox 277 2213 413 2240; x_wconf 83' lang='lat' dir='ltr'><strong>induenda</strong></span> <span class='ocrx_word' id='word_1_517' title='bbox 426 2212 550 2239; x_wconf 85' lang='lat' dir='ltr'><strong>cassibus</strong></span> <span class='ocrx_word' id='word_1_518' title='bbox 567 2216 732 2246; x_wconf 73' lang='lat' dir='ltr'><strong>prarmaturo</strong></span> <span class='ocrx_word' id='word_1_519' title='bbox 746 2212 864 2246; x_wconf 86' lang='lat' dir='ltr'><strong>strepitu</strong></span> <span class='ocrx_word' id='word_1_520' title='bbox 874 2212 983 2238; x_wconf 87' lang='lat' dir='ltr'><strong>terreri.</strong></span> 
     </span>
    </p>
   </div>
   <div class='ocr_carea' id='block_1_79' title="bbox 201 2257 985 2296">
    <p class='ocr_par' dir='ltr' id='par_1_79' title="bbox 201 2257 985 2296">
     <span class='ocr_line' id='line_1_79' title="bbox 201 2257 985 2296; baseline -0.005 -8"><span class='ocrx_word' id='word_1_521' title='bbox 201 2259 272 2296; x_wconf 71' lang='lat' dir='ltr'><strong>Ergo</strong></span> <span class='ocrx_word' id='word_1_522' title='bbox 284 2260 317 2287; x_wconf 90' lang='lat' dir='ltr'><strong>de</strong></span> <span class='ocrx_word' id='word_1_523' title='bbox 333 2258 484 2293; x_wconf 84' lang='lat' dir='ltr'><strong>proditione</strong></span> <span class='ocrx_word' id='word_1_524' title='bbox 501 2258 608 2293; x_wconf 87' lang='lat' dir='ltr'><strong>quidem</strong></span> <span class='ocrx_word' id='word_1_525' title='bbox 623 2257 762 2290; x_wconf 66' lang='lat' dir='ltr'><strong>Neantzaa,</strong></span> <span class='ocrx_word' id='word_1_526' title='bbox 777 2257 859 2292; x_wconf 73' lang='lat'><strong>212</strong></span> <span class='ocrx_word' id='word_1_527' title='bbox 871 2261 985 2293; x_wconf 67' lang='lat' dir='ltr'><strong>eruptuo</strong></span> 
     </span>
    </p>
   </div>
   <div class='ocr_carea' id='block_1_80' title="bbox 203 2303 987 2341">
    <p class='ocr_par' dir='ltr' id='par_1_80' title="bbox 203 2303 987 2341">
     <span class='ocr_line' id='line_1_80' title="bbox 203 2303 987 2341; baseline -0.003 -7"><span class='ocrx_word' id='word_1_528' title='bbox 203 2314 287 2341; x_wconf 82' lang='lat' dir='ltr'><strong>raque</strong></span> <span class='ocrx_word' id='word_1_529' title='bbox 303 2305 378 2332; x_wconf 79' lang='lat' dir='ltr'><strong>brevi</strong></span> <span class='ocrx_word' id='word_1_530' title='bbox 393 2309 486 2340; x_wconf 86' lang='lat' dir='ltr'><strong>aperta</strong></span> <span class='ocrx_word' id='word_1_531' title='bbox 504 2303 665 2337; x_wconf 78' lang='lat' dir='ltr'><strong>defectione,</strong></span> <span class='ocrx_word' id='word_1_532' title='bbox 686 2309 742 2331; x_wconf 88' lang='lat' dir='ltr'><strong>tttm</strong></span> <span class='ocrx_word' id='word_1_533' title='bbox 767 2305 809 2332; x_wconf 86' lang='lat' dir='ltr'><strong>his</strong></span> <span class='ocrx_word' id='word_1_534' title='bbox 833 2305 987 2332; x_wconf 84' lang='lat' dir='ltr'><strong>recentibus</strong></span> 
     </span>
    </p>
   </div>
   <div class='ocr_carea' id='block_1_81' title="bbox 204 2350 987 2387">
    <p class='ocr_par' dir='ltr' id='par_1_81' title="bbox 204 2350 987 2387">
     <span class='ocr_line' id='line_1_81' title="bbox 204 2350 987 2387; baseline -0.003 -8"><span class='ocrx_word' id='word_1_535' title='bbox 204 2360 259 2379; x_wconf 88' lang='lat' dir='ltr'><strong>tum</strong></span> <span class='ocrx_word' id='word_1_536' title='bbox 276 2351 409 2387; x_wconf 86' lang='lat' dir='ltr'><strong>prioribus</strong></span> <span class='ocrx_word' id='word_1_537' title='bbox 426 2350 504 2385; x_wconf 89' lang='lat' dir='ltr'><strong>plane</strong></span> <span class='ocrx_word' id='word_1_538' title='bbox 515 2358 660 2385; x_wconf 78' lang='lat' dir='ltr'><strong>persuasus</strong></span> <span class='ocrx_word' id='word_1_539' title='bbox 677 2351 794 2384; x_wconf 70' lang='lat' dir='ltr'><strong>indiciis,</strong></span> <span class='ocrx_word' id='word_1_540' title='bbox 811 2358 863 2378; x_wconf 89' lang='lat' dir='ltr'><strong>non</strong></span> <span class='ocrx_word' id='word_1_541' title='bbox 877 2351 987 2378; x_wconf 89' lang='lat' dir='ltr'><strong>dubita-</strong></span> 
     </span>
    </p>
   </div>
   <div class='ocr_carea' id='block_1_82' title="bbox 203 2397 988 2433">
    <p class='ocr_par' dir='ltr' id='par_1_82' title="bbox 203 2397 988 2433">
     <span class='ocr_line' id='line_1_82' title="bbox 203 2397 988 2433; baseline 0.001 -10"><span class='ocrx_word' id='word_1_542' title='bbox 203 2399 240 2425; x_wconf 78' lang='lat' dir='ltr'><strong>vit</strong></span> <span class='ocrx_word' id='word_1_543' title='bbox 256 2399 402 2433; x_wconf 88' lang='lat' dir='ltr'><strong>imperator</strong></span> <span class='ocrx_word' id='word_1_544' title='bbox 420 2397 554 2432; x_wconf 88' lang='lat' dir='ltr'><strong>amplius;</strong></span> <span class='ocrx_word' id='word_1_545' title='bbox 574 2397 620 2424; x_wconf 88' lang='lat' dir='ltr'><strong>sed</strong></span> <span class='ocrx_word' id='word_1_546' title='bbox 641 2397 666 2423; x_wconf 93' lang='lat' dir='ltr'><strong>in</strong></span> <span class='ocrx_word' id='word_1_547' title='bbox 681 2398 740 2424; x_wconf 73' lang='lat' dir='ltr'><strong>acie</strong></span> <span class='ocrx_word' id='word_1_548' title='bbox 755 2397 867 2431; x_wconf 85' lang='lat' dir='ltr'><strong>periculi</strong></span> <span class='ocrx_word' id='word_1_549' title='bbox 885 2397 988 2432; x_wconf 83' lang='lat' dir='ltr'><strong>positas</strong></span> 
     </span>
    </p>
   </div>
   <div class='ocr_carea' id='block_1_83' title="bbox 203 2442 987 2477">
    <p class='ocr_par' dir='ltr' id='par_1_83' title="bbox 203 2442 987 2477">
     <span class='ocr_line' id='line_1_83' title="bbox 203 2442 987 2477; baseline -0.003 -6"><span class='ocrx_word' id='word_1_550' title='bbox 203 2451 247 2471; x_wconf 85' lang='lat' dir='ltr'><strong>res</strong></span> <span class='ocrx_word' id='word_1_551' title='bbox 261 2448 288 2470; x_wconf 90' lang='lat' dir='ltr'><strong>et</strong></span> <span class='ocrx_word' id='word_1_552' title='bbox 303 2447 468 2469; x_wconf 88' lang='lat' dir='ltr'><strong>momentum</strong></span> <span class='ocrx_word' id='word_1_553' title='bbox 485 2442 620 2469; x_wconf 90' lang='lat' dir='ltr'><strong>lubricum</strong></span> <span class='ocrx_word' id='word_1_554' title='bbox 636 2442 764 2476; x_wconf 87' lang='lat' dir='ltr'><strong>ancipitis</strong></span> <span class='ocrx_word' id='word_1_555' title='bbox 782 2442 808 2469; x_wconf 93' lang='lat' dir='ltr'><strong>in</strong></span> <span class='ocrx_word' id='word_1_556' title='bbox 823 2449 876 2477; x_wconf 91' lang='lat' dir='ltr'><strong>quo</strong></span> <span class='ocrx_word' id='word_1_557' title='bbox 892 2450 987 2470; x_wconf 74' lang='lat' dir='ltr'><strong>versa-</strong></span> 
     </span>
    </p>
   </div>
   <div class='ocr_carea' id='block_1_84' title="bbox 203 2488 989 2524">
    <p class='ocr_par' dir='ltr' id='par_1_84' title="bbox 203 2488 989 2524">
     <span class='ocr_line' id='line_1_84' title="bbox 203 2488 989 2524; baseline -0.004 -6"><span class='ocrx_word' id='word_1_558' title='bbox 203 2491 282 2518; x_wconf 86' lang='lat' dir='ltr'><strong>batur</strong></span> <span class='ocrx_word' id='word_1_559' title='bbox 295 2489 425 2524; x_wconf 86' lang='lat' dir='ltr'><strong>temporis</strong></span> <span class='ocrx_word' id='word_1_560' title='bbox 440 2494 581 2524; x_wconf 83' lang='lat' dir='ltr'><strong>reputans,</strong></span> <span class='ocrx_word' id='word_1_561' title='bbox 597 2488 814 2523; x_wconf 85' lang='lat' dir='ltr'><strong>sententiamque</strong></span> <span class='ocrx_word' id='word_1_562' title='bbox 839 2496 891 2516; x_wconf 92' lang='lat' dir='ltr'><strong>non</strong></span> <span class='ocrx_word' id='word_1_563' title='bbox 907 2496 989 2523; x_wconf 85' lang='lat' dir='ltr'><strong>expc-</strong></span> 
     </span>
    </p>
   </div>
   <div class='ocr_carea' id='block_1_85' title="bbox 203 2534 988 2570">
    <p class='ocr_par' dir='ltr' id='par_1_85' title="bbox 203 2534 988 2570">
     <span class='ocr_line' id='line_1_85' title="bbox 203 2534 988 2570; baseline -0.004 -6"><span class='ocrx_word' id='word_1_564' title='bbox 203 2538 290 2568; x_wconf 86' lang='lat' dir='ltr'><strong>diens,</strong></span> <span class='ocrx_word' id='word_1_565' title='bbox 306 2543 415 2563; x_wconf 86' lang='lat' dir='ltr'><strong>cessare</strong></span> <span class='ocrx_word' id='word_1_566' title='bbox 426 2535 515 2570; x_wconf 93' lang='lat' dir='ltr'><strong>potius</strong></span> <span class='ocrx_word' id='word_1_567' title='bbox 532 2535 637 2568; x_wconf 86' lang='lat' dir='ltr'><strong>habuit,</strong></span> <span class='ocrx_word' id='word_1_568' title='bbox 655 2534 842 2569; x_wconf 75' lang='lat' dir='ltr'><strong>integramque</strong></span> <span class='ocrx_word' id='word_1_569' title='bbox 858 2542 913 2561; x_wconf 87' lang='lat' dir='ltr'><strong>rem</strong></span> <span class='ocrx_word' id='word_1_570' title='bbox 931 2542 988 2562; x_wconf 85' lang='lat' dir='ltr'><strong>ser-</strong></span> 
     </span>
    </p>
   </div>
   <div class='ocr_carea' id='block_1_86' title="bbox 205 2579 988 2616">
    <p class='ocr_par' dir='ltr' id='par_1_86' title="bbox 205 2579 988 2616">
     <span class='ocr_line' id='line_1_86' title="bbox 205 2579 988 2616; baseline -0.004 -6"><span class='ocrx_word' id='word_1_571' title='bbox 205 2590 278 2616; x_wconf 71' lang='lat' dir='ltr'><strong>vare,</strong></span> <span class='ocrx_word' id='word_1_572' title='bbox 309 2581 495 2616; x_wconf 73' lang='lat' dir='ltr'><strong>indignatione</strong></span> <span class='ocrx_word' id='word_1_573' title='bbox 515 2579 677 2613; x_wconf 77' lang='lat' dir='ltr'><strong>cohibenda,</strong></span> <span class='ocrx_word' id='word_1_574' title='bbox 704 2587 784 2615; x_wconf 82' lang='lat' dir='ltr'><strong>quam</strong></span> <span class='ocrx_word' id='word_1_575' title='bbox 815 2580 929 2606; x_wconf 89' lang='lat' dir='ltr'><strong>multum</strong></span> <span class='ocrx_word' id='word_1_576' title='bbox 963 2580 988 2607; x_wconf 93' lang='lat' dir='ltr'><strong>in</strong></span> 
     </span>
    </p>
   </div>
   <div class='ocr_carea' id='block_1_87' title="bbox 205 2626 990 2664">
    <p class='ocr_par' dir='ltr' id='par_1_87' title="bbox 205 2626 990 2664">
     <span class='ocr_line' id='line_1_87' title="bbox 205 2626 990 2664; baseline -0.004 -7"><span class='ocrx_word' id='word_1_577' title='bbox 205 2634 315 2664; x_wconf 85' lang='lat' dir='ltr'><strong>pectore</strong></span> <span class='ocrx_word' id='word_1_578' title='bbox 330 2628 486 2660; x_wconf 84' lang='lat' dir='ltr'><strong>latrantem,</strong></span> <span class='ocrx_word' id='word_1_579' title='bbox 503 2626 632 2654; x_wconf 75' lang='lat' dir='ltr'><strong>exaudire</strong></span> <span class='ocrx_word' id='word_1_580' title='bbox 659 2634 693 2654; x_wconf 90' lang='lat' dir='ltr'><strong>ne</strong></span> <span class='ocrx_word' id='word_1_581' title='bbox 711 2626 772 2661; x_wconf 92' lang='lat' dir='ltr'><strong>quis</strong></span> <span class='ocrx_word' id='word_1_582' title='bbox 797 2632 899 2661; x_wconf 89' lang='lat' dir='ltr'><strong>posset,</strong></span> <span class='ocrx_word' id='word_1_583' title='bbox 916 2627 990 2654; x_wconf 88' lang='lat' dir='ltr'><strong>dedit</strong></span> 
     </span>
    </p>
   </div>
   <div class='ocr_carea' id='block_1_88' title="bbox 204 2672 988 2712">
    <p class='ocr_par' dir='ltr' id='par_1_88' title="bbox 204 2672 988 2712">
     <span class='ocr_line' id='line_1_88' title="bbox 204 2672 988 2712; baseline 0 -12"><span class='ocrx_word' id='word_1_584' title='bbox 204 2682 334 2712; x_wconf 69' lang='lat' dir='ltr'><strong>operam;</strong></span> <span class='ocrx_word' id='word_1_585' title='bbox 358 2673 433 2701; x_wconf 80' lang='lat' dir='ltr'><strong>vultu</strong></span> <span class='ocrx_word' id='word_1_586' title='bbox 450 2673 483 2700; x_wconf 85' lang='lat' dir='ltr'><strong>ad</strong></span> <span class='ocrx_word' id='word_1_587' title='bbox 501 2672 744 2700; x_wconf 85' lang='lat' dir='ltr'><strong>dissimulationem</strong></span> <span class='ocrx_word' id='word_1_588' title='bbox 763 2673 923 2706; x_wconf 90' lang='lat' dir='ltr'><strong>prudentem</strong></span> <span class='ocrx_word' id='word_1_589' title='bbox 939 2673 988 2700; x_wconf 88' lang='lat' dir='ltr'><strong>do-</strong></span> 
     </span>
    </p>
   </div>
   <div class='ocr_carea' id='block_1_89' title="bbox 205 2719 989 2752">
    <p class='ocr_par' dir='ltr' id='par_1_89' title="bbox 205 2719 989 2752">
     <span class='ocr_line' id='line_1_89' title="bbox 205 2719 989 2752; baseline -0.004 -2"><span class='ocrx_word' id='word_1_590' title='bbox 205 2722 248 2750; x_wconf 81' lang='lat' dir='ltr'><strong>cili</strong></span> <span class='ocrx_word' id='word_1_591' title='bbox 269 2721 310 2749; x_wconf 88' lang='lat' dir='ltr'><strong>sic</strong></span> <span class='ocrx_word' id='word_1_592' title='bbox 323 2720 356 2748; x_wconf 88' lang='lat' dir='ltr'><strong>ad</strong></span> <span class='ocrx_word' id='word_1_593' title='bbox 370 2720 506 2748; x_wconf 82' lang='lat' dir='ltr'><strong>Neanlzen</strong></span> <span class='ocrx_word' id='word_1_594' title='bbox 522 2727 600 2752; x_wconf 83' lang='lat' dir='ltr'><strong>usus,</strong></span> <span class='ocrx_word' id='word_1_595' title='bbox 617 2725 644 2746; x_wconf 91' lang='lat' dir='ltr'><strong>ut</strong></span> <span class='ocrx_word' id='word_1_596' title='bbox 663 2719 797 2747; x_wconf 83' lang='lat' dir='ltr'><strong>barbarus</strong></span> <span class='ocrx_word' id='word_1_597' title='bbox 813 2719 911 2747; x_wconf 77' lang='lat' dir='ltr'><strong>fiducia</strong></span> <span class='ocrx_word' id='word_1_598' title='bbox 927 2720 989 2747; x_wconf 88' lang='lat' dir='ltr'><strong>inde</strong></span> 
     </span>
    </p>
   </div>
   <div class='ocr_carea' id='block_1_90' title="bbox 1033 1569 1824 1605">
    <p class='ocr_par' dir='ltr' id='par_1_90' title="bbox 1033 1569 1824 1605">
     <span class='ocr_line' id='line_1_90' title="bbox 1033 1569 1824 1605; baseline -0.001 -9"><span class='ocrx_word' id='word_1_599' title='bbox 1033 1570 1121 1598; x_wconf 77' lang='grc' dir='ltr'>ἄλλων</span> <span class='ocrx_word' id='word_1_600' title='bbox 1136 1571 1409 1605; x_wconf 78' lang='grc' dir='ltr'>προμαντευόμενος·</span> <span class='ocrx_word' id='word_1_601' title='bbox 1437 1570 1484 1596; x_wconf 73' lang='grc' dir='ltr'><strong>ἐπὶ</strong></span> <span class='ocrx_word' id='word_1_602' title='bbox 1510 1570 1592 1605; x_wconf 81' lang='grc' dir='ltr'>ξυροῦ</span> <span class='ocrx_word' id='word_1_603' title='bbox 1604 1570 1659 1605; x_wconf 78' lang='grc' dir='ltr'>γὰρ</span> <span class='ocrx_word' id='word_1_604' title='bbox 1675 1569 1772 1603; x_wconf 79' lang='grc' dir='ltr'>ἀκμῆς</span> <span class='ocrx_word' id='word_1_605' title='bbox 1785 1570 1824 1594; x_wconf 86' lang='grc' dir='ltr'><strong>εἱ-</strong></span> 
     </span>
    </p>
   </div>
   <div class='ocr_carea' id='block_1_91' title="bbox 1035 1615 1822 1652">
    <p class='ocr_par' dir='ltr' id='par_1_91' title="bbox 1035 1615 1822 1652">
     <span class='ocr_line' id='line_1_91' title="bbox 1035 1615 1822 1652; baseline -0.003 -9"><span class='ocrx_word' id='word_1_606' title='bbox 1035 1618 1133 1652; x_wconf 81' lang='grc' dir='ltr'>στήκει</span> <span class='ocrx_word' id='word_1_607' title='bbox 1148 1617 1183 1643; x_wconf 87' lang='grc' dir='ltr'>τὰ</span> <span class='ocrx_word' id='word_1_608' title='bbox 1199 1616 1246 1643; x_wconf 85' lang='grc' dir='ltr'>τοῦ</span> <span class='ocrx_word' id='word_1_609' title='bbox 1266 1617 1386 1650; x_wconf 77' lang='grc' dir='ltr'>πολέμου</span> <span class='ocrx_word' id='word_1_610' title='bbox 1403 1625 1410 1632; x_wconf 76' lang='grc'><em>”</em></span> <span class='ocrx_word' id='word_1_611' title='bbox 1428 1617 1475 1643; x_wconf 71' lang='grc' dir='ltr'><strong>καὶ</strong></span> <span class='ocrx_word' id='word_1_612' title='bbox 1491 1616 1534 1643; x_wconf 79' lang='grc' dir='ltr'>διὰ</span> <span class='ocrx_word' id='word_1_613' title='bbox 1561 1616 1641 1642; x_wconf 85' lang='grc' dir='ltr'>τοῦτο</span> <span class='ocrx_word' id='word_1_614' title='bbox 1685 1615 1822 1650; x_wconf 79' lang='grc' dir='ltr'>περιυλα-</span> 
     </span>
    </p>
   </div>
   <div class='ocr_carea' id='block_1_92' title="bbox 1037 1661 1825 1697">
    <p class='ocr_par' dir='ltr' id='par_1_92' title="bbox 1037 1661 1825 1697">
     <span class='ocr_line' id='line_1_92' title="bbox 1037 1661 1825 1697; baseline -0.004 -8"><span class='ocrx_word' id='word_1_615' title='bbox 1037 1663 1157 1689; x_wconf 83' lang='grc' dir='ltr'>κτοῦντα</span> <span class='ocrx_word' id='word_1_616' title='bbox 1173 1663 1218 1690; x_wconf 61' lang='grc' dir='ltr'>τὶν</span> <span class='ocrx_word' id='word_1_617' title='bbox 1233 1663 1319 1697; x_wconf 75' lang='grc' dir='ltr'>θυμὸν</span> <span class='ocrx_word' id='word_1_618' title='bbox 1333 1663 1347 1689; x_wconf 83' lang='grc' dir='ltr'>ὁ</span> <span class='ocrx_word' id='word_1_619' title='bbox 1363 1662 1568 1697; x_wconf 64' lang='grc' dir='ltr'>βασιλεϋξτέως</span> <span class='ocrx_word' id='word_1_620' title='bbox 1580 1663 1699 1696; x_wconf 71' lang='grc' dir='ltr'>ἐπεῖχεν,</span> <span class='ocrx_word' id='word_1_621' title='bbox 1709 1661 1825 1696; x_wconf 79' lang='grc' dir='ltr'>ἀπορῶν</span> 
     </span>
    </p>
   </div>
   <div class='ocr_carea' id='block_1_93' title="bbox 1034 1707 1823 1744">
    <p class='ocr_par' dir='ltr' id='par_1_93' title="bbox 1034 1707 1823 1744">
     <span class='ocr_line' id='line_1_93' title="bbox 1034 1707 1823 1744; baseline -0.003 -9"><span class='ocrx_word' id='word_1_622' title='bbox 1034 1709 1064 1735; x_wconf 79' lang='grc' dir='ltr'>τὸ</span> <span class='ocrx_word' id='word_1_623' title='bbox 1079 1709 1230 1744; x_wconf 78' lang='grc' dir='ltr'>τηνικαῦτα</span> <span class='ocrx_word' id='word_1_624' title='bbox 1241 1710 1255 1735; x_wconf 84' lang='grc' dir='ltr'><strong>ὃ</strong></span> <span class='ocrx_word' id='word_1_625' title='bbox 1267 1718 1291 1734; x_wconf 88' lang='grc' dir='ltr'><strong>τι</strong></span> <span class='ocrx_word' id='word_1_626' title='bbox 1307 1709 1353 1736; x_wconf 74' lang='grc' dir='ltr'>καὶ</span> <span class='ocrx_word' id='word_1_627' title='bbox 1364 1709 1501 1744; x_wconf 72' lang='grc' dir='ltr'>δράσειεν.</span> <span class='ocrx_word' id='word_1_628' title='bbox 1523 1708 1552 1735; x_wconf 87' lang='lat'><strong>&#39;0</strong></span> <span class='ocrx_word' id='word_1_629' title='bbox 1562 1708 1653 1743; x_wconf 83' lang='grc' dir='ltr'>μέντοι</span> <span class='ocrx_word' id='word_1_630' title='bbox 1669 1707 1823 1741; x_wconf 73' lang='grc' dir='ltr'>Νεάντζης,</span> 
     </span>
    </p>
   </div>
   <div class='ocr_carea' id='block_1_94' title="bbox 1036 1753 1823 1790">
    <p class='ocr_par' dir='ltr' id='par_1_94' title="bbox 1036 1753 1823 1790">
     <span class='ocr_line' id='line_1_94' title="bbox 1036 1753 1823 1790; baseline -0.001 -10"><span class='ocrx_word' id='word_1_631' title='bbox 1036 1755 1104 1788; x_wconf 76' lang='grc' dir='ltr'>μετὰ</span> <span class='ocrx_word' id='word_1_632' title='bbox 1121 1754 1220 1790; x_wconf 78' lang='grc' dir='ltr'>μικρὸν</span> <span class='ocrx_word' id='word_1_633' title='bbox 1233 1754 1404 1790; x_wconf 78' lang='grc' dir='ltr'>προσελθὼν,</span> <span class='ocrx_word' id='word_1_634' title='bbox 1424 1755 1471 1781; x_wconf 74' lang='grc' dir='ltr'>καὶ</span> <span class='ocrx_word' id='word_1_635' title='bbox 1496 1754 1544 1781; x_wconf 79' lang='grc' dir='ltr'>τοῦ</span> <span class='ocrx_word' id='word_1_636' title='bbox 1562 1754 1696 1789; x_wconf 82' lang='grc' dir='ltr'>σφετέρου</span> <span class='ocrx_word' id='word_1_637' title='bbox 1712 1753 1823 1784; x_wconf 72' lang='grc' dir='ltr'>ἀποϐὰς</span> 
     </span>
    </p>
   </div>
   <div class='ocr_carea' id='block_1_95' title="bbox 1035 1799 1824 1837">
    <p class='ocr_par' dir='ltr' id='par_1_95' title="bbox 1035 1799 1824 1837">
     <span class='ocr_line' id='line_1_95' title="bbox 1035 1799 1824 1837; baseline -0.003 -10"><span class='ocrx_word' id='word_1_638' title='bbox 1035 1801 1131 1832; x_wconf 78' lang='grc' dir='ltr'>ἵππου,</span> <span class='ocrx_word' id='word_1_639' title='bbox 1148 1801 1228 1828; x_wconf 78' lang='grc' dir='ltr'>ἄλλον</span> <span class='ocrx_word' id='word_1_640' title='bbox 1239 1802 1329 1837; x_wconf 78' lang='grc' dir='ltr'>ᾐτεῑτο</span> <span class='ocrx_word' id='word_1_641' title='bbox 1339 1801 1385 1827; x_wconf 63' lang='grc' dir='ltr'>τὸν</span> <span class='ocrx_word' id='word_1_642' title='bbox 1396 1800 1520 1836; x_wconf 73' lang='grc' dir='ltr'>βασιλέα,</span> <span class='ocrx_word' id='word_1_643' title='bbox 1544 1800 1598 1827; x_wconf 80' lang='grc' dir='ltr'><strong>Καὶ</strong></span> <span class='ocrx_word' id='word_1_644' title='bbox 1615 1800 1726 1826; x_wconf 80' lang='grc' dir='ltr'>δίδωσιν</span> <span class='ocrx_word' id='word_1_645' title='bbox 1747 1799 1824 1834; x_wconf 71' lang='grc' dir='ltr'>αὐτῷ</span> 
     </span>
    </p>
   </div>
   <div class='ocr_carea' id='block_1_96' title="bbox 1035 1846 1824 1883">
    <p class='ocr_par' dir='ltr' id='par_1_96' title="bbox 1035 1846 1824 1883">
     <span class='ocr_line' id='line_1_96' title="bbox 1035 1846 1824 1883; baseline -0.003 -9"><span class='ocrx_word' id='word_1_646' title='bbox 1035 1849 1210 1883; x_wconf 64' lang='grc' dir='ltr'>πιρλχρῆμα</span> <span class='ocrx_word' id='word_1_647' title='bbox 1235 1847 1319 1874; x_wconf 82' lang='grc' dir='ltr'>ἵππον</span> <span class='ocrx_word' id='word_1_648' title='bbox 1337 1847 1392 1874; x_wconf 83' lang='grc' dir='ltr'><strong>τῶν</strong></span> <span class='ocrx_word' id='word_1_649' title='bbox 1409 1847 1548 1882; x_wconf 79' lang='grc' dir='ltr'>ἐκκρίτων</span> <span class='ocrx_word' id='word_1_650' title='bbox 1578 1847 1648 1882; x_wconf 75' lang='grc' dir='ltr'>μετᾶ</span> <span class='ocrx_word' id='word_1_651' title='bbox 1678 1846 1824 1881; x_wconf 75' lang='grc' dir='ltr'>βασιλικῆς</span> 
     </span>
    </p>
   </div>
   <div class='ocr_carea' id='block_1_97' title="bbox 1036 1891 1824 1929">
    <p class='ocr_par' dir='ltr' id='par_1_97' title="bbox 1036 1891 1824 1929">
     <span class='ocr_line' id='line_1_97' title="bbox 1036 1891 1824 1929; baseline -0.001 -9"><span class='ocrx_word' id='word_1_652' title='bbox 1036 1894 1209 1929; x_wconf 77' lang='grc' dir='ltr'>ὲφεστρίδος,</span> <span class='ocrx_word' id='word_1_653' title='bbox 1233 1894 1274 1925; x_wconf 87' lang='grc' dir='ltr'><strong>είς</strong></span> <span class='ocrx_word' id='word_1_654' title='bbox 1289 1893 1318 1920; x_wconf 78' lang='grc' dir='ltr'>ὃν</span> <span class='ocrx_word' id='word_1_655' title='bbox 1333 1893 1447 1924; x_wconf 80' lang='grc' dir='ltr'>ἀναϐὰς,</span> <span class='ocrx_word' id='word_1_656' title='bbox 1465 1893 1528 1920; x_wconf 71' lang='grc' dir='ltr'>ἐπεὶ</span> <span class='ocrx_word' id='word_1_657' title='bbox 1553 1892 1587 1919; x_wconf 74' lang='grc' dir='ltr'><strong>τὰ</strong></span> <span class='ocrx_word' id='word_1_658' title='bbox 1613 1892 1742 1926; x_wconf 75' lang='grc' dir='ltr'>τάγματα</span> <span class='ocrx_word' id='word_1_659' title='bbox 1762 1891 1824 1919; x_wconf 79' lang='grc' dir='ltr'>κατ’</span> 
     </span>
    </p>
   </div>
   <div class='ocr_carea' id='block_1_98' title="bbox 1034 1939 1824 1975">
    <p class='ocr_par' dir='ltr' id='par_1_98' title="bbox 1034 1939 1824 1975">
     <span class='ocr_line' id='line_1_98' title="bbox 1034 1939 1824 1975; baseline -0.001 -8"><span class='ocrx_word' id='word_1_660' title='bbox 1034 1941 1156 1975; x_wconf 83' lang='grc' dir='ltr'>ἀλλήλων</span> <span class='ocrx_word' id='word_1_661' title='bbox 1167 1940 1210 1966; x_wconf 81' lang='grc' dir='ltr'>διὰ</span> <span class='ocrx_word' id='word_1_662' title='bbox 1220 1939 1269 1967; x_wconf 83' lang='grc' dir='ltr'>τοῦ</span> <span class='ocrx_word' id='word_1_663' title='bbox 1284 1939 1448 1974; x_wconf 82' lang='grc' dir='ltr'>μεσαιχμίου</span> <span class='ocrx_word' id='word_1_664' title='bbox 1465 1939 1514 1975; x_wconf 74' lang='grc' dir='ltr'><strong>ήδη</strong></span> <span class='ocrx_word' id='word_1_665' title='bbox 1528 1939 1624 1975; x_wconf 78' lang='grc' dir='ltr'>ᾔεσαν,</span> <span class='ocrx_word' id='word_1_666' title='bbox 1641 1939 1734 1974; x_wconf 83' lang='grc' dir='ltr'>σχῆμα</span> <span class='ocrx_word' id='word_1_667' title='bbox 1751 1940 1824 1966; x_wconf 70' lang='grc' dir='ltr'>κατὰ</span> 
     </span>
    </p>
   </div>
   <div class='ocr_carea' id='block_1_99' title="bbox 1035 1985 1823 2020">
    <p class='ocr_par' dir='ltr' id='par_1_99' title="bbox 1035 1985 1823 2020">
     <span class='ocr_line' id='line_1_99' title="bbox 1035 1985 1823 2020; baseline -0.003 -7"><span class='ocrx_word' id='word_1_668' title='bbox 1035 1987 1088 2013; x_wconf 79' lang='grc' dir='ltr'>τῶν</span> <span class='ocrx_word' id='word_1_669' title='bbox 1109 1986 1221 2013; x_wconf 81' lang='grc' dir='ltr'><strong>Σκυθῶν</strong></span> <span class='ocrx_word' id='word_1_670' title='bbox 1253 1986 1388 2016; x_wconf 74' lang='grc' dir='ltr'>ἱππασίας</span> <span class='ocrx_word' id='word_1_671' title='bbox 1413 1985 1611 2020; x_wconf 78' lang='grc' dir='ltr'>ποιησάμενος,</span> <span class='ocrx_word' id='word_1_672' title='bbox 1639 1985 1690 2020; x_wconf 83' lang='grc' dir='ltr'>τὴν</span> <span class='ocrx_word' id='word_1_673' title='bbox 1708 1985 1823 2019; x_wconf 76' lang='grc' dir='ltr'>ἀκωκὴν</span> 
     </span>
    </p>
   </div>
   <div class='ocr_carea' id='block_1_100' title="bbox 1035 2030 1822 2066">
    <p class='ocr_par' dir='ltr' id='par_1_100' title="bbox 1035 2030 1822 2066">
     <span class='ocr_line' id='line_1_100' title="bbox 1035 2030 1822 2066; baseline -0.001 -9"><span class='ocrx_word' id='word_1_674' title='bbox 1035 2031 1082 2057; x_wconf 78' lang='grc' dir='ltr'>τοῦ</span> <span class='ocrx_word' id='word_1_675' title='bbox 1096 2031 1208 2066; x_wconf 84' lang='grc' dir='ltr'>δόρατος</span> <span class='ocrx_word' id='word_1_676' title='bbox 1230 2030 1342 2057; x_wconf 72' lang='grc' dir='ltr'>ὄπισθεν</span> <span class='ocrx_word' id='word_1_677' title='bbox 1359 2030 1492 2066; x_wconf 82' lang='grc' dir='ltr'>στρέψας,</span> <span class='ocrx_word' id='word_1_678' title='bbox 1506 2030 1574 2064; x_wconf 76' lang='grc' dir='ltr'>πρλς</span> <span class='ocrx_word' id='word_1_679' title='bbox 1600 2030 1663 2060; x_wconf 82' lang='grc' dir='ltr'>τοὺς</span> <span class='ocrx_word' id='word_1_680' title='bbox 1681 2030 1822 2064; x_wconf 74' lang='grc' dir='ltr'>ὁμογενεῖς</span> 
     </span>
    </p>
   </div>
   <div class='ocr_carea' id='block_1_101' title="bbox 1036 2075 1817 2112">
    <p class='ocr_par' dir='ltr' id='par_1_101' title="bbox 1036 2075 1817 2112">
     <span class='ocr_line' id='line_1_101' title="bbox 1036 2075 1817 2112; baseline -0.003 -9"><span class='ocrx_word' id='word_1_681' title='bbox 1036 2077 1127 2112; x_wconf 79' lang='grc' dir='ltr'>φοιτᾷ,</span> <span class='ocrx_word' id='word_1_682' title='bbox 1140 2077 1226 2104; x_wconf 81' lang='grc' dir='ltr'>πολλὰ</span> <span class='ocrx_word' id='word_1_683' title='bbox 1239 2076 1312 2103; x_wconf 77' lang='grc' dir='ltr'>κατὰ</span> <span class='ocrx_word' id='word_1_684' title='bbox 1327 2076 1377 2110; x_wconf 86' lang='grc' dir='ltr'>τῆς</span> <span class='ocrx_word' id='word_1_685' title='bbox 1397 2075 1544 2110; x_wconf 65' lang='grc' dir='ltr'>βασιλικῆς</span> <span class='ocrx_word' id='word_1_686' title='bbox 1566 2075 1752 2110; x_wconf 71' lang='grc' dir='ltr'>παρατάξεως</span> <span class='ocrx_word' id='word_1_687' title='bbox 1768 2075 1817 2102; x_wconf 72' lang='grc' dir='ltr'><strong>αὺ-</strong></span> 
     </span>
    </p>
   </div>
   <div class='ocr_carea' id='block_1_102' title="bbox 1036 2121 1821 2159">
    <p class='ocr_par' dir='ltr' id='par_1_102' title="bbox 1036 2121 1821 2159">
     <span class='ocr_line' id='line_1_102' title="bbox 1036 2121 1821 2159; baseline -0.003 -9"><span class='ocrx_word' id='word_1_688' title='bbox 1036 2125 1092 2156; x_wconf 77' lang='grc' dir='ltr'>τοῖς</span> <span class='ocrx_word' id='word_1_689' title='bbox 1113 2123 1266 2159; x_wconf 81' lang='grc' dir='ltr'>παραινῶν.</span> <span class='ocrx_word' id='word_1_690' title='bbox 1286 2123 1317 2149; x_wconf 80' lang='lat' dir='ltr'><strong>Oi</strong></span> <span class='ocrx_word' id='word_1_691' title='bbox 1340 2122 1369 2149; x_wconf 84' lang='grc' dir='ltr'>δὲ</span> <span class='ocrx_word' id='word_1_692' title='bbox 1397 2123 1457 2153; x_wconf 79' lang='grc' dir='ltr'>ταῖς</span> <span class='ocrx_word' id='word_1_693' title='bbox 1481 2121 1704 2156; x_wconf 77' lang='grc' dir='ltr'>ὑποθημοσὺναις</span> <span class='ocrx_word' id='word_1_694' title='bbox 1737 2121 1821 2148; x_wconf 79' lang='grc' dir='ltr'>αὑτοῦ</span> 
     </span>
    </p>
   </div>
   <div class='ocr_carea' id='block_1_103' title="bbox 1036 2168 1821 2205">
    <p class='ocr_par' dir='ltr' id='par_1_103' title="bbox 1036 2168 1821 2205">
     <span class='ocr_line' id='line_1_103' title="bbox 1036 2168 1821 2205; baseline -0.004 -8"><span class='ocrx_word' id='word_1_695' title='bbox 1036 2170 1183 2205; x_wconf 79' lang='grc' dir='ltr'>χρώμενοι,</span> <span class='ocrx_word' id='word_1_696' title='bbox 1203 2169 1339 2205; x_wconf 79' lang='grc' dir='ltr'>καρτερὸν</span> <span class='ocrx_word' id='word_1_697' title='bbox 1355 2168 1424 2204; x_wconf 75' lang='grc' dir='ltr'>μετὰ</span> <span class='ocrx_word' id='word_1_698' title='bbox 1434 2169 1457 2186; x_wconf 80' lang='grc'><strong>⁸³</strong></span> <span class='ocrx_word' id='word_1_699' title='bbox 1471 2168 1520 2195; x_wconf 79' lang='grc' dir='ltr'>τοῦ</span> <span class='ocrx_word' id='word_1_700' title='bbox 1538 2168 1743 2202; x_wconf 77' lang='grc' dir='ltr'>αὐτοκράτορος</span> <span class='ocrx_word' id='word_1_701' title='bbox 1757 2176 1821 2194; x_wconf 88' lang='grc' dir='ltr'>συν-</span> 
     </span>
    </p>
   </div>
   <div class='ocr_carea' id='block_1_104' title="bbox 1038 2213 1822 2251">
    <p class='ocr_par' dir='ltr' id='par_1_104' title="bbox 1038 2213 1822 2251">
     <span class='ocr_line' id='line_1_104' title="bbox 1038 2213 1822 2251; baseline -0.004 -9"><span class='ocrx_word' id='word_1_702' title='bbox 1038 2217 1156 2251; x_wconf 75' lang='grc' dir='ltr'>άψαντες</span> <span class='ocrx_word' id='word_1_703' title='bbox 1183 2216 1315 2250; x_wconf 77' lang='grc' dir='ltr'>πόλεμον,</span> <span class='ocrx_word' id='word_1_704' title='bbox 1345 2217 1476 2251; x_wconf 82' lang='grc' dir='ltr'>τρέπουσι</span> <span class='ocrx_word' id='word_1_705' title='bbox 1507 2215 1694 2249; x_wconf 80' lang='grc' dir='ltr'>κατακράτος.</span> <span class='ocrx_word' id='word_1_706' title='bbox 1738 2213 1769 2240; x_wconf 84' lang='grc' dir='ltr'><strong>ὐ</strong></span> <span class='ocrx_word' id='word_1_707' title='bbox 1795 2213 1822 2239; x_wconf 80' lang='grc' dir='ltr'>δὲ</span> 
     </span>
    </p>
   </div>
   <div class='ocr_carea' id='block_1_105' title="bbox 1039 2259 1821 2297">
    <p class='ocr_par' dir='ltr' id='par_1_105' title="bbox 1039 2259 1821 2297">
     <span class='ocr_line' id='line_1_105' title="bbox 1039 2259 1821 2297; baseline -0.004 -9"><span class='ocrx_word' id='word_1_708' title='bbox 1039 2262 1166 2297; x_wconf 79' lang='grc' dir='ltr'>βασιλεὺς</span> <span class='ocrx_word' id='word_1_709' title='bbox 1199 2261 1413 2294; x_wconf 59' lang='lat' dir='ltr'><strong>mammam</strong></span> <span class='ocrx_word' id='word_1_710' title='bbox 1440 2261 1489 2292; x_wconf 64' lang='grc' dir='ltr'><strong>τὰς</strong></span> <span class='ocrx_word' id='word_1_711' title='bbox 1516 2260 1661 2294; x_wconf 73' lang='grc' dir='ltr'>φάλαγγας</span> <span class='ocrx_word' id='word_1_712' title='bbox 1686 2259 1760 2295; x_wconf 79' lang='grc' dir='ltr'>ὀρῶν</span> <span class='ocrx_word' id='word_1_713' title='bbox 1777 2259 1821 2285; x_wconf 75' lang='grc' dir='ltr'>καὶ</span> 
     </span>
    </p>
   </div>
   <div class='ocr_carea' id='block_1_106' title="bbox 1040 2305 1822 2341">
    <p class='ocr_par' dir='ltr' id='par_1_106' title="bbox 1040 2305 1822 2341">
     <span class='ocr_line' id='line_1_106' title="bbox 1040 2305 1822 2341; baseline -0.004 -8"><span class='ocrx_word' id='word_1_714' title='bbox 1040 2307 1193 2341; x_wconf 77' lang='grc' dir='ltr'>φεύγοντας</span> <span class='ocrx_word' id='word_1_715' title='bbox 1207 2307 1345 2340; x_wconf 68' lang='grc' dir='ltr'>ἅπαντας,</span> <span class='ocrx_word' id='word_1_716' title='bbox 1363 2308 1391 2333; x_wconf 74' lang='grc' dir='ltr'>ὲν</span> <span class='ocrx_word' id='word_1_717' title='bbox 1406 2306 1548 2341; x_wconf 77' lang='grc' dir='ltr'>ἀμηχανία</span> <span class='ocrx_word' id='word_1_718' title='bbox 1560 2305 1717 2340; x_wconf 77' lang='grc' dir='ltr'>γενόμενος,</span> <span class='ocrx_word' id='word_1_719' title='bbox 1736 2313 1822 2340; x_wconf 84' lang='grc' dir='ltr'>παρα-</span> 
     </span>
    </p>
   </div>
   <div class='ocr_carea' id='block_1_107' title="bbox 1039 2350 1822 2388">
    <p class='ocr_par' dir='ltr' id='par_1_107' title="bbox 1039 2350 1822 2388">
     <span class='ocr_line' id='line_1_107' title="bbox 1039 2350 1822 2388; baseline -0.005 -8"><span class='ocrx_word' id='word_1_720' title='bbox 1039 2353 1205 2380; x_wconf 79' lang='grc' dir='ltr'>κινδυνεύειν</span> <span class='ocrx_word' id='word_1_721' title='bbox 1220 2353 1325 2388; x_wconf 75' lang='grc' dir='ltr'>ἐιλόγως</span> <span class='ocrx_word' id='word_1_722' title='bbox 1341 2353 1392 2379; x_wconf 76' lang='grc' dir='ltr'>οὐκ</span> <span class='ocrx_word' id='word_1_723' title='bbox 1412 2352 1519 2387; x_wconf 72' lang='grc' dir='ltr'>ἢθελεν.</span> <span class='ocrx_word' id='word_1_724' title='bbox 1533 2351 1629 2377; x_wconf 81' lang='grc' dir='ltr'>Ἔνθεν</span> <span class='ocrx_word' id='word_1_725' title='bbox 1646 2359 1688 2377; x_wconf 86' lang='grc' dir='ltr'><strong>τοι</strong></span> <span class='ocrx_word' id='word_1_726' title='bbox 1714 2351 1763 2377; x_wconf 74' lang='grc' dir='ltr'><strong>καὶ</strong></span> <span class='ocrx_word' id='word_1_727' title='bbox 1775 2350 1822 2380; x_wconf 67' lang='grc' dir='ltr'>τὰς</span> 
     </span>
    </p>
   </div>
   <div class='ocr_carea' id='block_1_108' title="bbox 1040 2395 1821 2435">
    <p class='ocr_par' dir='ltr' id='par_1_108' title="bbox 1040 2395 1821 2435">
     <span class='ocr_line' id='line_1_108' title="bbox 1040 2395 1821 2435; baseline -0.006 -10"><span class='ocrx_word' id='word_1_728' title='bbox 1040 2399 1119 2434; x_wconf 84' lang='grc' dir='ltr'>ἡνίας</span> <span class='ocrx_word' id='word_1_729' title='bbox 1136 2399 1253 2435; x_wconf 78' lang='grc' dir='ltr'>στρέψας</span> <span class='ocrx_word' id='word_1_730' title='bbox 1267 2399 1350 2434; x_wconf 74' lang='grc' dir='ltr'>μέχρι</span> <span class='ocrx_word' id='word_1_731' title='bbox 1361 2397 1408 2424; x_wconf 84' lang='grc' dir='ltr'><strong>τοῦ</strong></span> <span class='ocrx_word' id='word_1_732' title='bbox 1421 2398 1529 2433; x_wconf 80' lang='grc' dir='ltr'>ῥέοντος</span> <span class='ocrx_word' id='word_1_733' title='bbox 1545 2395 1669 2431; x_wconf 77' lang='grc' dir='ltr'>ποταμοῦ</span> <span class='ocrx_word' id='word_1_734' title='bbox 1682 2396 1767 2430; x_wconf 70' lang='grc' dir='ltr'>ἐγγὺς</span> <span class='ocrx_word' id='word_1_735' title='bbox 1777 2395 1821 2421; x_wconf 84' lang='grc' dir='ltr'>τοῦ</span> 
     </span>
    </p>
   </div>
   <div class='ocr_carea' id='block_1_109' title="bbox 1045 2441 1819 2480">
    <p class='ocr_par' dir='ltr' id='par_1_109' title="bbox 1045 2441 1819 2480">
     <span class='ocr_line' id='line_1_109' title="bbox 1045 2441 1819 2480; baseline -0.006 -8"><span class='ocrx_word' id='word_1_736' title='bbox 1045 2445 1168 2472; x_wconf 79' lang='grc' dir='ltr'>Ῥουσίου</span> <span class='ocrx_word' id='word_1_737' title='bbox 1186 2444 1405 2480; x_wconf 77' lang='grc' dir='ltr'>καταλαμϐάνει,</span> <span class='ocrx_word' id='word_1_738' title='bbox 1417 2444 1548 2470; x_wconf 74' lang='grc' dir='ltr'>κάκεῖθεν</span> <span class='ocrx_word' id='word_1_739' title='bbox 1565 2442 1611 2469; x_wconf 77' lang='grc' dir='ltr'>τὸν</span> <span class='ocrx_word' id='word_1_740' title='bbox 1627 2441 1738 2476; x_wconf 73' lang='grc' dir='ltr'>χαλινὸν</span> <span class='ocrx_word' id='word_1_741' title='bbox 1755 2442 1819 2468; x_wconf 54' lang='grc' dir='ltr'>ἀνα.</span> 
     </span>
    </p>
   </div>
   <div class='ocr_carea' id='block_1_110' title="bbox 1041 2487 1822 2528">
    <p class='ocr_par' dir='ltr' id='par_1_110' title="bbox 1041 2487 1822 2528">
     <span class='ocr_line' id='line_1_110' title="bbox 1041 2487 1822 2528; baseline -0.008 -9"><span class='ocrx_word' id='word_1_742' title='bbox 1041 2492 1172 2528; x_wconf 80' lang='grc' dir='ltr'>σειράσας</span> <span class='ocrx_word' id='word_1_743' title='bbox 1192 2491 1262 2526; x_wconf 87' lang='grc' dir='ltr'>μετά</span> <span class='ocrx_word' id='word_1_744' title='bbox 1274 2500 1356 2518; x_wconf 82' lang='grc' dir='ltr'>τινων</span> <span class='ocrx_word' id='word_1_745' title='bbox 1373 2490 1495 2524; x_wconf 78' lang='grc' dir='ltr'>λογάδων</span> <span class='ocrx_word' id='word_1_746' title='bbox 1512 2489 1549 2521; x_wconf 81' lang='grc' dir='ltr'><strong>ὡς</strong></span> <span class='ocrx_word' id='word_1_747' title='bbox 1563 2489 1623 2515; x_wconf 76' lang='grc' dir='ltr'>ἐνὸν</span> <span class='ocrx_word' id='word_1_748' title='bbox 1635 2489 1658 2504; x_wconf 61' lang='grc'><strong>⁸⁸</strong></span> <span class='ocrx_word' id='word_1_749' title='bbox 1680 2488 1748 2523; x_wconf 68' lang='grc' dir='ltr'>πρὸς</span> <span class='ocrx_word' id='word_1_750' title='bbox 1762 2487 1822 2518; x_wconf 86' lang='grc' dir='ltr'>τοὺς</span> 
     </span>
    </p>
   </div>
   <div class='ocr_carea' id='block_1_111' title="bbox 1042 2533 1822 2574">
    <p class='ocr_par' dir='ltr' id='par_1_111' title="bbox 1042 2533 1822 2574">
     <span class='ocr_line' id='line_1_111' title="bbox 1042 2533 1822 2574; baseline -0.008 -8"><span class='ocrx_word' id='word_1_751' title='bbox 1042 2539 1192 2570; x_wconf 85' lang='grc' dir='ltr'>διώκοντας</span> <span class='ocrx_word' id='word_1_752' title='bbox 1208 2538 1395 2574; x_wconf 75' lang='grc' dir='ltr'>ἀπεμάχοντο,</span> <span class='ocrx_word' id='word_1_753' title='bbox 1409 2536 1545 2567; x_wconf 78' lang='grc' dir='ltr'>ῑππασίας</span> <span class='ocrx_word' id='word_1_754' title='bbox 1554 2536 1615 2562; x_wconf 85' lang='grc' dir='ltr'>κατ’</span> <span class='ocrx_word' id='word_1_755' title='bbox 1631 2535 1722 2561; x_wconf 81' lang='grc' dir='ltr'>αὐτῶν</span> <span class='ocrx_word' id='word_1_756' title='bbox 1734 2533 1822 2561; x_wconf 68' lang='lat' dir='ltr'><strong>notati-</strong></span> 
     </span>
    </p>
   </div>
   <div class='ocr_carea' id='block_1_112' title="bbox 1043 2577 1822 2620">
    <p class='ocr_par' dir='ltr' id='par_1_112' title="bbox 1043 2577 1822 2620">
     <span class='ocr_line' id='line_1_112' title="bbox 1043 2577 1822 2620; baseline -0.01 -8"><span class='ocrx_word' id='word_1_757' title='bbox 1043 2593 1132 2620; x_wconf 84' lang='grc' dir='ltr'>μενος,</span> <span class='ocrx_word' id='word_1_758' title='bbox 1148 2584 1263 2616; x_wconf 80' lang='grc' dir='ltr'>πολλοὺς</span> <span class='ocrx_word' id='word_1_759' title='bbox 1276 2584 1304 2610; x_wconf 75' lang='grc' dir='ltr'>δὲ</span> <span class='ocrx_word' id='word_1_760' title='bbox 1319 2583 1342 2600; x_wconf 83' lang='grc'><strong><em>⁵⁵</em></strong></span> <span class='ocrx_word' id='word_1_761' title='bbox 1357 2583 1404 2610; x_wconf 73' lang='grc' dir='ltr'><strong>καὶ</strong></span> <span class='ocrx_word' id='word_1_762' title='bbox 1417 2582 1542 2615; x_wconf 87' lang='grc' dir='ltr'>κτείνων,</span> <span class='ocrx_word' id='word_1_763' title='bbox 1558 2581 1631 2608; x_wconf 80' lang='grc' dir='ltr'>ἐστιν</span> <span class='ocrx_word' id='word_1_764' title='bbox 1643 2577 1674 2607; x_wconf 66' lang='grc' dir='ltr'>οὗ</span> <span class='ocrx_word' id='word_1_765' title='bbox 1683 2579 1732 2608; x_wconf 79' lang='grc' dir='ltr'><strong>καὶ</strong></span> <span class='ocrx_word' id='word_1_766' title='bbox 1747 2580 1822 2609; x_wconf 65' lang='grc' dir='ltr'>αὑτλις</span> 
     </span>
    </p>
   </div>
   <div class='ocr_carea' id='block_1_113' title="bbox 1043 2624 1821 2666">
    <p class='ocr_par' dir='ltr' id='par_1_113' title="bbox 1043 2624 1821 2666">
     <span class='ocr_line' id='line_1_113' title="bbox 1043 2624 1821 2666; baseline -0.01 -8"><span class='ocrx_word' id='word_1_767' title='bbox 1043 2631 1240 2666; x_wconf 75' lang='grc' dir='ltr'>πληττόμενος.</span> <span class='ocrx_word' id='word_1_768' title='bbox 1272 2629 1382 2665; x_wconf 79' lang='grc' dir='ltr'>Ἐπειδὴ</span> <span class='ocrx_word' id='word_1_769' title='bbox 1409 2628 1438 2655; x_wconf 76' lang='grc' dir='ltr'>δὲ</span> <span class='ocrx_word' id='word_1_770' title='bbox 1461 2627 1490 2661; x_wconf 76' lang='grc' dir='ltr'><strong>ἐξ</strong></span> <span class='ocrx_word' id='word_1_771' title='bbox 1517 2627 1613 2662; x_wconf 73' lang='grc' dir='ltr'>ἐτέρου</span> <span class='ocrx_word' id='word_1_772' title='bbox 1643 2626 1745 2661; x_wconf 81' lang='grc' dir='ltr'>μέρους</span> <span class='ocrx_word' id='word_1_773' title='bbox 1779 2624 1821 2650; x_wconf 77' lang='grc' dir='ltr'>καὶ</span> 
     </span>
    </p>
   </div>
   <div class='ocr_carea' id='block_1_114' title="bbox 1044 2671 1820 2713">
    <p class='ocr_par' dir='ltr' id='par_1_114' title="bbox 1044 2671 1820 2713">
     <span class='ocr_line' id='line_1_114' title="bbox 1044 2671 1820 2713; baseline -0.01 -9"><span class='ocrx_word' id='word_1_774' title='bbox 1044 2677 1180 2713; x_wconf 80' lang='grc' dir='ltr'>Γεώργιος</span> <span class='ocrx_word' id='word_1_775' title='bbox 1195 2679 1208 2703; x_wconf 81' lang='grc' dir='ltr'>ὁ</span> <span class='ocrx_word' id='word_1_776' title='bbox 1228 2677 1336 2712; x_wconf 78' lang='grc' dir='ltr'>Πύρρος</span> <span class='ocrx_word' id='word_1_777' title='bbox 1353 2675 1521 2710; x_wconf 85' lang='grc' dir='ltr'>καλούμενος</span> <span class='ocrx_word' id='word_1_778' title='bbox 1545 2673 1655 2707; x_wconf 78' lang='grc' dir='ltr'>φεύγων</span> <span class='ocrx_word' id='word_1_779' title='bbox 1677 2671 1724 2698; x_wconf 76' lang='grc' dir='ltr'><strong>τὸν</strong></span> <span class='ocrx_word' id='word_1_780' title='bbox 1744 2678 1820 2697; x_wconf 77' lang='grc' dir='ltr'>ποτα-</span> 
     </span>
    </p>
   </div>
   <div class='ocr_carea' id='block_1_115' title="bbox 1045 2715 1820 2758">
    <p class='ocr_par' dir='ltr' id='par_1_115' title="bbox 1045 2715 1820 2758">
     <span class='ocr_line' id='line_1_115' title="bbox 1045 2715 1820 2758; baseline -0.012 -8"><span class='ocrx_word' id='word_1_781' title='bbox 1045 2722 1094 2758; x_wconf 77' lang='grc' dir='ltr'><strong>μδν</strong></span> <span class='ocrx_word' id='word_1_782' title='bbox 1113 2722 1331 2758; x_wconf 74' lang='grc' dir='ltr'>κατελάμϐανεν,</span> <span class='ocrx_word' id='word_1_783' title='bbox 1345 2719 1593 2756; x_wconf 77' lang='grc' dir='ltr'>ἐμϐριμησάμενος</span> <span class='ocrx_word' id='word_1_784' title='bbox 1604 2717 1702 2744; x_wconf 83' lang='grc' dir='ltr'>τοῦτον</span> <span class='ocrx_word' id='word_1_785' title='bbox 1715 2717 1738 2733; x_wconf 78' lang='grc'><strong><em>⁵⁸</em></strong></span> <span class='ocrx_word' id='word_1_786' title='bbox 1752 2717 1766 2743; x_wconf 82' lang='grc' dir='ltr'><strong>ὸ</strong></span> <span class='ocrx_word' id='word_1_787' title='bbox 1777 2715 1820 2741; x_wconf 77' lang='grc' dir='ltr'><strong>σὺ·</strong></span> 
     </span>
    </p>
   </div>
   <div class='ocr_carea' id='block_1_116' title="bbox 723 2778 1289 2811">
    <p class='ocr_par' dir='ltr' id='par_1_116' title="bbox 723 2778 1289 2811">
     <span class='ocr_line' id='line_1_116' title="bbox 723 2778 1289 2811; baseline 0.002 -3"><span class='ocrx_word' id='word_1_788' title='bbox 723 2778 820 2809; x_wconf 78' lang='lat' dir='ltr'><strong>Variee</strong></span> <span class='ocrx_word' id='word_1_789' title='bbox 836 2778 989 2810; x_wconf 88' lang='lat' dir='ltr'><strong>lectiones</strong></span> <span class='ocrx_word' id='word_1_790' title='bbox 1011 2789 1050 2810; x_wconf 79' lang='lat' dir='ltr'><strong>ex</strong></span> <span class='ocrx_word' id='word_1_791' title='bbox 1071 2780 1142 2811; x_wconf 87' lang='lat' dir='ltr'><strong>cod.</strong></span> <span class='ocrx_word' id='word_1_792' title='bbox 1154 2779 1289 2810; x_wconf 89' lang='lat' dir='ltr'><strong>Coislin.</strong></span> 
     </span>
    </p>
   </div>
   <div class='ocr_carea' id='block_1_117' title="bbox 243 2823 1819 2868">
    <p class='ocr_par' dir='ltr' id='par_1_117' title="bbox 243 2823 1819 2868">
     <span class='ocr_line' id='line_1_117' title="bbox 243 2823 1819 2868; baseline -0.004 -9"><span class='ocrx_word' id='word_1_793' title='bbox 243 2833 265 2848; x_wconf 68' lang='grc' dir='ltr'>δ’</span> <span class='ocrx_word' id='word_1_794' title='bbox 286 2832 366 2859; x_wconf 86' lang='lat' dir='ltr'><strong>Deest</strong></span> <span class='ocrx_word' id='word_1_795' title='bbox 379 2837 432 2858; x_wconf 87' lang='lat' dir='ltr'><strong>vox</strong></span> <span class='ocrx_word' id='word_1_796' title='bbox 447 2830 548 2858; x_wconf 80' lang='grc' dir='ltr'>πάντα.</span> <span class='ocrx_word' id='word_1_797' title='bbox 587 2831 610 2847; x_wconf 80' lang='grc' dir='ltr'><strong><em>⁸ο</em></strong></span> <span class='ocrx_word' id='word_1_798' title='bbox 623 2830 839 2866; x_wconf 76' lang='grc' dir='ltr'>ἓπεπορεύσατο.</span> <span class='ocrx_word' id='word_1_799' title='bbox 877 2832 897 2849; x_wconf 87' lang='grc'><strong>¹¹</strong></span> <span class='ocrx_word' id='word_1_800' title='bbox 912 2831 1056 2868; x_wconf 74' lang='grc' dir='ltr'>ιπεξῆλοε.</span> <span class='ocrx_word' id='word_1_801' title='bbox 1094 2834 1117 2850; x_wconf 70' lang='grc' dir='ltr'><strong>δ’</strong></span> <span class='ocrx_word' id='word_1_802' title='bbox 1130 2831 1320 2868; x_wconf 80' lang='grc' dir='ltr'>ἐταμιεύσατο.</span> <span class='ocrx_word' id='word_1_803' title='bbox 1357 2830 1380 2847; x_wconf 84' lang='grc'><strong>⁸³</strong></span> <span class='ocrx_word' id='word_1_804' title='bbox 1396 2828 1441 2856; x_wconf 75' lang='grc' dir='ltr'>τὸν</span> <span class='ocrx_word' id='word_1_805' title='bbox 1459 2828 1539 2864; x_wconf 85' lang='grc' dir='ltr'>μετά.</span> <span class='ocrx_word' id='word_1_806' title='bbox 1577 2828 1600 2845; x_wconf 71' lang='grc'><strong>’⁸</strong></span> <span class='ocrx_word' id='word_1_807' title='bbox 1615 2827 1684 2854; x_wconf 78' lang='grc' dir='ltr'>ἐνόν.</span> <span class='ocrx_word' id='word_1_808' title='bbox 1723 2825 1747 2843; x_wconf 86' lang='grc'><strong><em>³³</em></strong></span> <span class='ocrx_word' id='word_1_809' title='bbox 1766 2823 1819 2861; x_wconf 78' lang='grc' dir='ltr'>μέν.</span> 
     </span>
    </p>
   </div>
   <div class='ocr_carea' id='block_1_118' title="bbox 208 2866 342 2900">
    <p class='ocr_par' dir='ltr' id='par_1_118' title="bbox 208 2866 342 2900">
     <span class='ocr_line' id='line_1_118' title="bbox 208 2866 342 2900; baseline 0 -6"><span class='ocrx_word' id='word_1_810' title='bbox 208 2866 232 2884; x_wconf 75' lang='grc'><strong>³⁸</strong></span> <span class='ocrx_word' id='word_1_811' title='bbox 245 2867 342 2900; x_wconf 74' lang='grc' dir='ltr'>τούτῳ.</span> 
     </span>
    </p>
   </div>
  </div>
