1868 3045
32 89 107 122 597
692 87 899 119 ALEXIADIS
914 88 988 120 Lm.
1000 67 1067 119 vri.
1654 87 1706 119 598

35 142 187 177 τροχοὺς
209 143 277 178 μετὰ
296 143 351 170 τῶν
375 142 478 176 ἀξόνων
505 141 610 169 ἄνωθεν
633 141 707 168 κάτω
730 150 772 168 κα·

981 150 1080 177 pronos
1097 143 1125 171 in
1152 143 1280 179 impetum
1296 147 1391 172 contra
1408 151 1438 171 se
1453 143 1548 172 ruendi
1563 150 1706 172 cernerem

40 188 232 222 μνίξεσθαι.
257 189 381 223 Ἐγένετο
401 189 487 216 ταῦτα
512 188 583 215 κατὰ
604 188 634 214 τὸ
663 187 710 214 τοῦ
739 188 777 223 βαι

969 196 1031 222 tque
1057 189 1090 216 ad
1105 189 1228 216 cominus
1253 189 1435 216 accedendum
1455 189 1594 216 exhortari
1621 196 1706 224 eqttos

40 235 274 270 παράγγελμα.
297 235 352 262 Καὶ
376 235 471 270 ἀθρόοι
514 234 564 269 μὲν
589 233 776 268 ἐπαράξαντες

969 234 1070 276 Ιὶτοοιη
1082 238 1155 269 terga
1171 242 1203 262 ex
1216 235 1366 269 composito
1387 239 1542 268 verterent;
1559 235 1598 263 sic
1614 239 1704 262 tamen

39 280 76 306 οἱ
95 281 219 308 Σκύθαι
236 281 284 308 σὺν
304 281 456 316 ἀλαλαγμῷ
483 280 643 316 βαρσαρικῴ
658 280 772 307 ἱππόται

968 288 1042 306 nsam
1066 281 1154 315 fugam
1171 281 1386 312 moderarentur.
1402 286 1431 308 ttt
1446 281 1472 308 itt
1487 281 1567 309 aliam
1582 282 1626 308 alii
1643 289 1705 317 pan

42 327 112 361 τῆς
142 328 297 363 ἡμεδαπῆς
322 328 514 363 παρατάξεως,
540 327 609 362 πεζῇ
631 328 678 353 καὶ
706 327 779 362 βάδη⁴

968 333 974 351 ι
999 333 1012 351 a
1043 333 1071 352 se
1098 326 1212 353 iuvirent
1229 325 1412 359 discedentes,
1436 327 1538 354 ltiatum
1565 327 1591 353 in
1618 327 1705 354 medio

44 372 163 399 αὐτῶν
185 372 300 407 ἱεμένων
316 373 436 404 πάντων,
466 373 546 408 μόνον
561 373 588 399 δὲ
604 373 652 399 τοῦ
667 373 781 408 αὐτοκρέ

970 376 1057 399 cutem
1087 373 1162 406 quasi
1186 372 1328 408 phalangis
1353 378 1486 408 perruptae
1509 373 1704 408 relinquerent.

47 417 175 452 ἐπόχου
204 417 396 451 συγκατιόντος
418 418 521 450 αὐτοῖς.
550 418 581 444 Οξ
609 417 637 444 δὲ
658 417 729 444 κατὰ
754 417 784 452 τὴ

986 425 1064 452 quem
1080 422 1253 453 penetrantes
1266 419 1357 446 hostes
1372 418 1584 446 admoverentse
1599 418 1706 453 propius

48 464 280 498 αὐτοκράτορος
291 464 389 498 τέχνην
404 463 493 497 ὀλίγον
508 463 571 497 γόνυ
587 463 683 497 γουνὸς
706 462 785 497 ἀμείιί

969 463 1005 490 ris
1022 463 1123 497 oppidi.
1142 463 1175 491 Et
1200 469 1277 491 erant
1289 472 1370 499 supra
1389 472 1494 491 murum
1515 464 1637 499 dispositi
1660 465 1704 498 qui

49 509 112 536 καὶ
143 507 206 536 οἷον
223 509 436 541 ἀναποδίσαντες
457 509 648 544 διεσχίσοησαν
669 508 716 535 ἀπ’
735 509 784 534 ἀλλ

967 509 989 535 id
1001 517 1082 536 unum
1095 509 1267 545 invigilarent
1286 518 1292 536 :
1307 510 1463 545 quibusque
1475 511 1630 537 mandatum
1647 515 1704 537 erat

51 556 102 586 ὡς
124 555 186 582 οὐκ
201 555 233 582 ἄν
250 563 292 586 τις
320 555 445 591 ἡλπισεν,
463 555 556 590 ὥσπερ
582 555 667 590 θύραν
679 555 734 586 τοῖς
761 555 788 580 Β(

969 553 1012 581 tibi
1029 555 1142 582 scissam
1163 555 1189 582 in
1209 560 1299 590 partes
1315 556 1380 583 duas
1396 555 1543 583 Romanam
1564 556 1649 583 aciem
1665 555 1704 583 in-

54 610 129 636 ροις
166 601 341 636 πλατυτάτην
374 603 415 633 εἰς
438 601 487 636 τὴν
524 601 626 628 εἴσοδον
648 600 816 636 ἁνεῲξαντες
834 600 869 628 ⁸¹.

53 647 124 674 Καὶ
149 647 213 683 ἅμα
235 649 260 675 οι
285 649 334 682 μὲν
352 648 455 675 Σκύθαι
479 648 544 674 εἴσω
565 647 613 674 τοῦ
635 647 657 663 ⁸³
684 646 795 681 στομίου
821 646 870 681 τῆς

54 693 251 728 ἑκατέρωθεν
269 693 410 727 φάλαγγος
432 692 455 708 ⁸⁸
470 692 654 726 ἐγεγόνεισαν,
672 692 696 718 οἱ
720 691 749 718 δὲ
776 691 870 726 τροχοὶ

59 738 147 772 μετά
167 747 240 770 τινος
263 739 353 774 ῥοίζου
375 739 422 765 καὶ
447 739 604 774 καταφορᾶς
624 737 781 773 ἐνεχθέντες
799 737 870 773 ὑπὲρ

59 785 182 819 πῆχυν,
201 784 254 811 ἀπὸ
277 785 323 810 τοῦ
339 784 445 818 τείχους
470 784 587 815 ἕκαστος
613 783 793 818 ὲφαλλόμενοι
819 782 842 799 ⁸⁵
861 803 868 815 ,

61 829 122 857 ἆτε
151 830 209 857 τῶν
224 831 396 866 κυρτοτήτων
424 830 542 857 ἑκάστου
565 829 664 865 τροχοῦ
687 829 711 845 ⁸⁸
732 830 870 863 ἀποκρου-

63 876 195 902 σθεισῶν
212 877 245 903 ἐκ
268 876 316 903 τοῦ
340 876 458 911 τείχους,
479 876 526 903 καὶ
551 874 606 902 οἷον
624 874 869 910 ἁποσφενδονηθει-

64 923 149 954 σῶν,
181 923 222 954 εἰς
251 923 350 958 μέσους
379 922 443 954 τοὺς
471 922 588 955 ἱππότας
624 921 679 948 τῶν
718 920 868 956 Βιρὸάρων

64 969 310 1004 ἐξεκυλίσθησαν,
341 968 431 1004 ῥύμην
456 968 585 999 λαϐόντες
619 967 803 1002 σφοδροτέραν
834 966 867 998 ⁸⁷,

63 1016 102 1042 τὸ
125 1016 178 1050 μὲν
194 1015 241 1042 καὶ
264 1015 317 1041 ἀπὸ
330 1016 380 1050 τῆς
403 1014 504 1049 ἀθρόας
528 1013 685 1048 καταφορᾶς
708 1013 746 1048 τῷ
762 1012 869 1048 φυσικῷ

65 1063 236 1096 πειθόμενοι
265 1061 341 1096 βάζει
369 1060 403 1093 ⁸⁸,
436 1061 466 1087 τὸ
489 1060 518 1087 δὲ
548 1060 596 1086 καὶ
623 1060 710 1095 ῥοπὴν
740 1059 868 1090 λαῆόντες

65 1107 230 1135 ἀκάθεκτον
244 1108 296 1134 ἀπὸ
309 1108 354 1134 τοῦ
371 1108 520 1138 κατάντους
534 1106 580 1133 τοῦ
602 1106 685 1133 τόπου
706 1106 730 1122 ⁸⁹
747 1104 869 1140 σφοδρῶς

66 1163 103 1181 τε
133 1155 193 1185 τοῖς
220 1153 373 1189 Βαρϐάροις
395 1153 541 1180 ἐνέπιπτον
563 1153 603 1183 ⁸ο,
629 1151 676 1178 καὶ
701 1151 868 1186 πανταχόθεν

69 1200 179 1232 αὐτοὺς
207 1199 379 1237 περιέθλιῦον
405 1199 439 1225 τὰ
464 1199 548 1234 σκέλη
572 1199 626 1225 τῶν
656 1198 747 1225 ἵππων
774 1197 868 1233 ὥσπερ

69 1246 234 1281 Θερίζοντες
266 1246 312 1272 καὶ
328 1244 479 1280 ἀμφότερα·
494 1243 665 1278 ἑκατέρωθεν
688 1243 742 1270 ἀπό
761 1252 789 1270 τε
813 1243 868 1270 τῶν

70 1292 256 1328 ἐμπροσθίων
287 1291 335 1319 καὶ
368 1291 498 1318 ὀπισθίων
530 1290 621 1326 μερῶν
649 1290 866 1325 διατεμνόμενοι,

71 1338 194 1364 ὀκλάσαι
218 1337 281 1369 τοὺς
298 1337 398 1368 ἵππους
419 1336 491 1371 ὲφ’ἃ
517 1336 588 1371 μέρη
612 1336 662 1372 τὴν
692 1336 799 1372 πληγὴν
825 1336 868 1363 άν-

72 1384 205 1417 εδέξαντο
217 1384 239 1399 ⁹¹
253 1383 481 1418 κατηνάγκασαν,
499 1383 547 1410 καὶ
571 1383 635 1415 τοὺς
660 1383 776 1414 ἱππότας
800 1391 867 1417 συγ-

72 1429 253 1461 καταῦαλεῖν,
268 1425 305 1456 ὧν
320 1430 364 1455 ἐπ’
377 1428 500 1463 ἀλλήλων
513 1429 560 1455 καὶ
575 1429 680 1464 συχνῶν
702 1428 865 1460 πιπτόντων,

920 608 1081 636 gressusque
1112 609 1158 636 per
1172 609 1231 629 eam
1258 602 1403 630 scissuram
1431 607 1570 636 provectos
1586 603 1620 629 ad
1635 602 1705 630 nturi

922 647 1047 674 viciniam
1062 648 1179 683 Scythas
1191 653 1345 681 cernerent,
1362 649 1457 684 gladiis
1476 654 1586 684 repente
1602 649 1706 677 strictis

923 693 998 720 funes
1014 693 1112 727 quibus
1128 698 1194 721 rotm
1209 693 1393 728 religabantur
1415 701 1430 721 e
1445 695 1533 729 pinnis
1551 700 1707 730 rttmperent

920 745 1020 772 easque
1034 738 1191 773 conjugatas
1202 747 1260 766 cum
1280 740 1376 767 axibus
1389 748 1442 768 una
1460 741 1609 775 praecipites
1625 741 1707 768 deor-

924 792 982 811 sutn
999 785 1105 814 darent.
1124 785 1288 814 Sttccessere
1303 788 1391 814 omnia
1414 794 1428 814 e
1445 788 1578 815 sententia
1592 792 1707 822 votoque

925 831 1106 864 imperatoris.
1132 831 1199 857 ltttm
1227 831 1251 858 in
1276 831 1391 867 Scythas
1417 831 1488 859 lento
1507 833 1632 865 incessu,
1650 832 1707 859 solo

923 876 992 903 inter
1020 876 1157 905 Romanos
1186 878 1306 912 Augusto
1331 879 1468 913 equitante
1497 883 1708 913 praesentemque

921 922 1000 949 dante
1023 930 1133 957 operam
1160 928 1186 950 ul
1203 929 1299 950 cuncta
1320 931 1351 950 ex
1370 931 1420 951 usu
1440 924 1548 959 cogitati
1575 928 1707 959 stratage-

921 968 1000 995 matis
1016 974 1076 1003 apte
1093 969 1198 997 ﬁerent.
1213 969 1314 996 Furuut
1329 975 1422 997 contra
1438 970 1554 1006 Scytltze.
1574 970 1707 1004 minisque

920 1021 981 1041 cum
998 1014 1037 1041 ira
1059 1015 1244 1042 crescentibus
1263 1015 1409 1050 expediunt
1431 1015 1547 1043 ferocem
1574 1016 1704 1051 impetum

920 1066 967 1093 spe
985 1068 1045 1087 mox
1062 1061 1220 1088 invadendae
1240 1063 1364 1089 Cominus
1390 1070 1484 1097 pugna:
1500 1070 1560 1090 cum
1584 1062 1618 1090 iis
1637 1070 1705 1098 quo-

921 1113 979 1132 rum
994 1105 1157 1140 iaculatione
1174 1107 1266 1141 procul
1286 1113 1343 1135 tnta
1365 1109 1538 1142 petebantur.
1557 1109 1705 1136 [tuentibus

919 1151 995 1178 addit
1017 1152 1105 1180 calcar
1121 1151 1180 1187 fuga
1208 1153 1335 1181 simulata
1353 1153 1549 1188 Romanorum,
1562 1154 1706 1182 discessio~

919 1204 972 1232 que
992 1198 1134 1232 phalangis
1160 1198 1308 1234 obliquatis
1330 1205 1476 1235 mutuoque
1492 1201 1594 1228 aversis
1619 1201 1707 1228 artiﬁ-

919 1245 992 1271 ciose
1004 1245 1186 1272 recedentium
1198 1245 1322 1279 genibus,
1338 1246 1390 1273 iter
1405 1247 1490 1281 aperit
1501 1246 1596 1274 blanda
1605 1247 1705 1280 pellax,

918 1290 1013 1317 etsine
1027 1291 1359 1325 suspicioneinsidiosum,
1376 1293 1433 1326 pari
1448 1292 1532 1320 nostri
1550 1297 1704 1327 contemptu

919 1336 1015 1370 suique
1040 1336 1135 1364 ﬁducia
1157 1345 1217 1364 sese
1243 1338 1424 1367 iulerentibus
1443 1339 1575 1368 barbaris.
1604 1339 1655 1368 Per
1679 1340 1704 1367 id

919 1382 994 1416 quasi
1015 1380 1175 1410 latissimum
1188 1383 1298 1415 ostium,
1315 1389 1342 1410 ιιι
1354 1392 1412 1411 cum
1426 1392 1524 1418 magno
1538 1385 1656 1412 clamore
1672 1392 1704 1411 ac

919 1427 1041 1455 convicio
1056 1435 1193 1463 coeperant
1211 1430 1309 1463 invehi,
1324 1434 1500 1463 perrexerunt
1516 1430 1619 1465 equites
1634 1429 1703 1465 Scy-

75 1475 108 1507 ἑξ
140 1475 271 1511 ἐκατέρου
294 1475 321 1501 δὲ
347 1474 462 1501 καὶτῶν
492 1474 667 1510 στρατιωτῶν
696 1475 756 1501 κατ’
777 1475 811 1501 αὑ

967 1482 972 1500 ι
989 1483 996 1501 :
1013 1475 1098 1502 donec
1113 1475 1138 1502 in
1153 1482 1200 1502 eos
1222 1476 1315 1503 divisae
1330 1476 1470 1511 phalangis
1490 1476 1563 1504 velut
1583 1476 1704 1505 faucibus

77 1522 206 1556 ἱεμένων,
223 1522 269 1547 καὶ
286 1521 376 1556 δεινῆς
389 1521 439 1555 τῆς
456 1521 545 1556 μάχης
560 1522 615 1552 τοῖς
628 1520 745 1552 Σκύθαις
764 1529 865 1547 παντα-

76 1570 158 1605 χόθεν
181 1568 376 1604 ἐφισταμένης,
392 1569 416 1594 ot
445 1567 494 1603 μὲν
523 1568 578 1598 τοῖς
611 1568 797 1602 πεμπομένοις
821 1569 865 1595 ἁν-

77 1615 194 1652 ῃροῦντο
209 1614 322 1649 βέλεσιν,
337 1614 361 1640 οί
373 1613 401 1640 δὲ
415 1613 458 1640 διὰ
477 1613 531 1639 τῶν
553 1613 676 1648 δοράτων
691 1613 865 1648 ὲπλήττοντο,

77 1662 134 1688 τῶν
147 1661 174 1687 δὲ
198 1661 298 1687 λοιπῶν
312 1661 336 1687 oi
351 1660 460 1692 πλείους
476 1659 527 1686 ὑπὸ
552 1659 604 1686 τῶν
619 1660 723 1694 τροχῶν
739 1660 865 1695 σφοδρῶς

79 1708 310 1742 καταςερομένων
331 1706 529 1741 συνωθούμενοι
557 1706 625 1741 πρὸς
646 1705 676 1732 τὺ
706 1706 794 1741 ῥεῦμα
819 1706 866 1732 τοῦ

80 1753 202 1789 ποταμοῦ
218 1754 422 1789 ἀπεπνίγησαν.
440 1753 479 1787 Τῇ
494 1753 522 1779 δὲ
535 1753 594 1788 μετ’
611 1752 696 1787 αὐτὴν
711 1753 773 1779 ἐπεὶ
785 1752 866 1779 πάλιν

80 1801 142 1832 τοὺς
155 1800 383 1835 καταλειφθέντας
407 1800 513 1831 Σκύθας
533 1800 601 1834 πρὸς
626 1800 745 1834 πόλεμον
760 1799 867 1834 όρμῶν-

81 1854 137 1877 ταςι
155 1845 227 1878 ἑώρα
258 1846 319 1876 τοὺς
347 1846 400 1872 ὑπ’
422 1845 503 1872 αὑτὸν
518 1845 641 1877 ἅπαντας
663 1845 867 1880 τεθαρρηκότας

82 1894 260 1928 κατανοήσας,
279 1892 442 1923 ὁπλίσασθαι
461 1891 692 1927 παρεκελεύσατο.
719 1891 866 1927 Σιδηροφο-

85 1940 167 1974 ρίσας
178 1939 204 1964 δὲ
224 1939 271 1964 καὶ
287 1938 366 1970 αὐτὸς
379 1939 426 1965 καὶ
444 1938 563 1972 πολέμου
580 1938 673 1972 σχῆμα
693 1937 866 1970 διατυπώσας

84 1987 149 2020 πρὸς
172 1985 201 2012 τὺ
224 1985 325 2019 πρανὲς
349 1986 481 2012 κάτεισιν.
505 1983 571 2011 Εἶτα
594 1985 626 2020 δὴ
652 1984 701 2015 τὰς
723 1984 866 2020 φάλαγγας

85 2031 246 2067 ὲπισ-ρέψας
272 2031 342 2058 κατὰ
366 2032 511 2066 πρόσωπον
537 2033 592 2063 τοῖς
614 2032 731 2065 Σκύθαις
755 2034 865 2065 ἵστατο,

85 2078 126 2112 ἐφ’
183 2077 228 2103 τὸν
250 2078 307 2112 μετ’
318 2076 418 2106 αὐτῶν,
440 2076 478 2108 ὠς
497 2077 566 2110 ένδν,
594 2078 721 2113 συνάψαι
737 2078 863 2112 πόλεμον.

86 2123 166 2155 Αὐτὸς
190 2123 238 2158 μὲν
261 2120 306 2149 οὖν
328 2123 374 2149 τὸν
400 2123 422 2139 ³³
447 2124 532 2159 μέσην
554 2124 609 2150 τῶν
634 2124 783 2159 ταγμάτων
808 2122 864 2159 εἷχε
880 2145 905 2174 D

86 2169 190 2205 χώραν⁹
216 2169 306 2204 μάχης
322 2169 349 2195 δὲ
369 2170 506 2203 καρτερᾶς
520 2169 669 2204 γενομένης
683 2169 731 2204 τὴν
745 2169 864 2195 νικῶσαν

86 2215 230 2251 τηνικαῦτα
254 2214 318 2250 παρ’
335 2215 444 2246 ἐλπίδας
472 2215 499 2241 al
531 2214 685 2249 Ῥωμαϊκαὶ
714 2212 788 2249 εἶχον
810 2214 863 2248 φάο

88 2267 178 2297 λαγγες
192 2261 238 2288 καὶ
249 2261 359 2287 ἐδίωκον
370 2261 477 2292 τούτους
492 2261 629 2296 ἀκρατῶς.
649 2260 724 2287 Ἐπεὶ
734 2260 756 2286 δ’
773 2260 864 2287 ἱκανὸν

88 2310 215 2343 διάστημα
237 2308 347 2338 τούτους
373 2308 446 2342 ἐίῖιρα.
468 2307 615 2337 διώκοντας
631 2309 644 2334 ὁ
659 2307 863 2343 αὐτοκράτωρ,

88 2354 171 2385 δεδιὼς
187 2354 224 2389 μὴ
238 2353 370 2388 λοχῶντές
392 2361 462 2384 τινες
486 2353 626 2387 αίφνιδίως
651 2353 863 2384 ἐπεισπεσόντες

89 2403 139 2432 τοῖς
160 2400 302 2435 Ῥωμαίοις
312 2399 494 2433 παλίντροπον
514 2399 562 2433 τὴν
573 2399 629 2425 τῶν
645 2399 757 2425 Σκυθῶν
772 2399 862 2434 φυγὴν

90 2447 306 2482 ἁπεργάσωνται,
333 2444 382 2471 καὶ
410 2444 604 2478 προστεθέντες
631 2443 737 2475 τούτοις
767 2444 813 2470 καὶ
837 2444 863 2470 οἱ

91 2493 242 2527 φεύγοντες,
269 2491 339 2526 μέγα
363 2490 394 2516 τὺ
418 2489 504 2516 δεινὸν
528 2491 560 2525 τῇ
585 2489 724 2526 Ῥωμαϊκῇ
749 2490 863 2525 στρατιᾷ

92 2536 230 2568 ὲπάξωσιν,
259 2534 389 2566 ἱππασίας
417 2533 522 2565 πυκνὰς
549 2533 722 2568 ποιούμενος,
752 2535 863 2561 ἀνασει-

92 2582 172 2618 ράζειν
192 2582 256 2613 τοὺς
275 2580 400 2616 χαλινοὺς
423 2580 470 2606 καὶ
495 2580 558 2611 τοὺς
576 2580 676 2610 ἵππους
694 2579 862 2615 ἀναψύχειν,

93 2630 139 2660 τοῖς
163 2626 342 2663 στρατιώταις
367 2625 503 2652 ἐκέλευεν.
523 2625 601 2652 Οὕτω
626 2625 691 2660 γοῦν
718 2627 788 2652 κατὰ
813 2627 861 2661 τὴν

919 1522 1055 1556 utrimque
1070 1522 1176 1550 clausos
1193 1530 1309 1557 superne
1326 1523 1457 1550 devoluta:
1471 1527 1595 1561 rotarum
1609 1524 1704 1551 orbitae

918 1567 1037 1595 subitum
1060 1568 1199 1604 ohjeccere
1226 1573 1366 1596 terrorem.
1388 1569 1448 1596 Alta
1474 1569 1550 1596 ruina
1567 1570 1593 1596 in
1607 1570 1703 1596 durum

918 1612 987 1639 allisi
1018 1613 1104 1640 solum
1136 1615 1216 1640 orbes
1251 1613 1331 1647 lignei
1365 1611 1571 1641 reﬂectehanlur
1602 1613 1703 1641 tesnltu

917 1658 1058 1694 plusquam
1075 1659 1196 1692 cubitali;
1221 1664 1274 1686 ttttu
1291 1660 1316 1686 in
1334 1667 1449 1694 pronum
1465 1665 1618 1694 vergentem
1632 1661 1702 1687 nacti

918 1706 1112 1738 declivitatem,
1127 1712 1187 1740 apte
1202 1705 1291 1733 librati
1307 1707 1469 1734 transversis
1481 1707 1587 1737 axibus.
1603 1706 1703 1740 impetu

915 1752 989 1786 juxta
1008 1752 1088 1787 217
1100 1753 1268 1786 strepituque
1282 1759 1313 1778 ac
1330 1751 1434 1786 lragore
1448 1753 1581 1785 maximis,
1600 1753 1626 1779 itt
1643 1753 1705 1780 bar-

917 1797 998 1824 baros
1014 1797 1104 1824 intorti
1132 1798 1336 1830 evolvebantur,
1359 1797 1442 1825 nihilo
1466 1798 1552 1826 lenius
1570 1806 1650 1834 quain
1681 1800 1704 1826 si

919 1844 1064 1871 utut-a‘ihus
1076 1845 1206 1872 machinis
1217 1852 1330 1872 excussa
1345 1845 1462 1880 pundera
1474 1845 1599 1872 I‘ulminea
1611 1846 1703 1880 perni-

917 1895 998 1917 ettate
1013 1896 1102 1918 ruant.
1112 1890 1366 1918 Circumveniutttur
1375 1899 1449 1919 novae
1461 1891 1577 1925 undique
1591 1891 1702 1926 appulsu

918 1937 999 1971 pestis
1014 1937 1130 1972 Scythae,
1147 1945 1226 1964 crura
1236 1945 1366 1972 equorum
1379 1938 1476 1973 quibus
1486 1937 1620 1965 vehebant
1630 1938 1704 1965 varie

918 1982 1072 2009 dctnclente
1086 1983 1267 2016 plaustrorum
1283 1982 1397 2017 procella
1413 1991 1420 2010 :
1435 1983 1496 2010 aliis
1513 1983 1546 2009 ab
1569 1983 1703 2010 anteriore

918 2033 994 2063 ptrte
1013 2029 1134 2055 incidens
1153 2028 1252 2055 malum
1281 2028 1397 2055 volubile
1422 2029 1503 2062 pedes
1528 2029 1634 2064 priores
1661 2036 1704 2055 ar-

918 2081 1010 2101 tuosve
1025 2075 1199 2107 contuderat;
1214 2075 1281 2102 alios
1294 2074 1363 2102 forte
1373 2083 1482 2102 aversos
1493 2079 1570 2102 nacta
1584 2079 1702 2102 rotarum

919 2127 1037 2154 pra-ceps
1062 2120 1101 2146 vis
1118 2121 1143 2146 iu
1170 2120 1364 2154 posterioribus
1389 2121 1495 2148 lmserat
1522 2120 1652 2148 calcibus.
1669 2120 1703 2148 At

918 2173 1079 2200 quacunque
1108 2172 1183 2200 parte
1201 2166 1299 2193 vulnus
1319 2174 1405 2201 equus
1423 2171 1574 2201 acceperat,
1594 2167 1619 2193 itt
1642 2174 1701 2193 eam

919 2211 1071 2239 necessario
1085 2211 1240 2239 claudicans
1262 2213 1425 2239 exsceudere
1443 2213 1555 2247 cogebat
1571 2213 1702 2246 equitem,

919 2258 970 2284 nisi
1000 2263 1093 2284 secum
1111 2256 1242 2284 afflictum
1271 2257 1395 2285 trahebat
1423 2257 1564 2285 iucasum.
1594 2257 1703 2293 Strages

918 2311 982 2338 ergo
999 2305 1078 2330 ticbat
1090 2304 1210 2330 virorttm
1231 2310 1428 2338 equorumque,
1447 2303 1473 2330 in
1488 2311 1599 2331 acervos
1612 2312 1641 2332 se
1656 2313 1696 2330 cu-

919 2351 1024 2378 lltllialls
1038 2356 1179 2386 grassante
1191 2350 1297 2378 assidue
1310 2351 1439 2385 pernicie,
1454 2359 1506 2378 non
1519 2352 1598 2379 modo
1613 2353 1700 2379 incur-

918 2404 948 2423 su
970 2396 1198 2430 prweipitautium
1216 2401 1351 2429 rotarttm,
1367 2396 1414 2424 sed
1429 2395 1484 2430 jam
1505 2397 1586 2424 etiam
1609 2404 1702 2424 mnum

918 2443 996 2469 allisu
1013 2441 1193 2476 impulsaque,
1223 2442 1286 2468 dum
1307 2442 1351 2476 qui
1381 2447 1445 2469 rota:
1469 2444 1702 2477 ruentisincursu,
1736 2453 1742 2457 ’

917 2489 1056 2521 sternitur,
1069 2489 1193 2516 comitem
1207 2493 1233 2515 et
1246 2488 1457 2516 commilitonem
1469 2496 1548 2516 suum
1568 2491 1637 2517 mole
1652 2498 1700 2517 sua

918 2535 944 2561 iu
959 2542 1052 2562 casum
1073 2541 1243 2562 communem
1267 2534 1367 2569 abripit
1383 2541 1390 2561 :
1405 2542 1436 2561 ac
1451 2542 1485 2562 ne
1502 2535 1528 2562 in
1551 2536 1602 2563 hoc
1624 2536 1701 2564 ruina

917 2582 998 2614 sistit,
1011 2581 1057 2608 sed
1075 2582 1108 2608 ab
1125 2589 1177 2608 uno
1191 2588 1318 2615 percusso
1334 2582 1380 2608 toti
1394 2583 1502 2609 ordines
1514 2590 1621 2618 pessum
1644 2589 1696 2611 tru-

919 2628 1031 2660 duntur,
1047 2631 1074 2653 et
1087 2626 1217 2654 Romanis
1233 2634 1302 2655 nova
1319 2626 1448 2656 felicitate
1467 2627 1522 2663 ipsa
1537 2627 1698 2664 Scytharum

597 2705 701 2736 Variae
720 2705 877 2736 lectiones
901 2715 938 2736 ex
953 2705 1025 2737 cod.
1042 2705 1177 2736 Coislin.

121 2774 142 2790 δ’
161 2773 323 2805 ἀνοίξαντες.
375 2771 399 2788 ⁸³
419 2771 483 2797 τῶν.
540 2774 562 2788 ἰ’
588 2769 745 2804 φαλάγγιον.

797 2770 820 2787 ⁸⁸
837 2771 1009 2806 ἀφελόμενοι.

94 2811 110 2826 ι’
124 2808 207 2835 τόπου.
244 2807 266 2826 ’³
286 2807 320 2834 τὰ
337 2806 463 2840 βάρϐαρα
474 2806 631 2833 ἀνέπιπτον.
670 2806 690 2821 ⁹¹
705 2805 836 2838 ὲδέξχντο,
875 2808 897 2823 ⁹¹
911 2807 970 2842 τήν.

1063 2771 1086 2788 ⁸⁸
1105 2769 1221 2808 τροχῶν.
1277 2772 1298 2789 ³⁷
1324 2761 1521 2810 σφοδροτάτην.
1570 2772 1594 2790 "
1609 2773 1698 2810 βάρει.
