1868 3045
19 136 92 167 677
663 124 870 156 ALEXL'tDIS
887 122 959 152 Lm.
981 121 1033 151 IX.
1617 114 1670 144 (373

21 190 153 224 siliaqoe
166 187 284 215 salubria
301 186 400 221 quietis
423 182 581 211 adatnantl-e
599 180 696 213 dabat;
720 185 747 207 et
772 186 825 212 quo
844 176 988 204 clariorem
1004 175 1033 201 in
1056 172 1115 201 dies
1132 171 1342 205 conspirationis
1375 171 1483 198 illorum
1515 174 1610 197 contra
1646 178 1675 196 με

27 238 165 264 notitiam
182 235 392 270 assequebatur,
406 240 439 259 eo
461 239 522 259 cum
557 230 598 257 eis
628 227 810 255 contidentius
834 230 861 252 et
882 224 1020 252 liberalius
1035 222 1141 256 agebat,
1157 221 1198 248 sic
1214 220 1347 248 demereri
1365 220 1472 247 animos
1496 219 1616 251 ipsorum
1633 219 1674 245 si-

23 285 120 318 bique
136 283 281 310 conciliare
297 282 417 308 studens.
432 279 484 306 Sed
497 277 656 311 Ethiopem
671 280 700 300 ιιι
714 274 826 300 multum
848 272 946 298 laveris
964 271 1033 296 haud
1051 270 1141 295 album
1169 268 1265 295 facias.
1290 267 1355 293 Erat
1389 275 1497 301 semper
1532 267 1601 294 idem
1630 265 1676 293 Ni.

24 333 187 366 ceptmrus,
226 336 275 355 nec
292 328 387 354 vitium
426 326 452 351 in
478 332 507 351 se
532 331 609 350 suum
634 321 784 350 euhibens,
815 318 868 345 late
889 316 1053 351 propagabat
1084 315 1274 348 contagioncm
1298 315 1442 348 quamdam
1466 313 1624 340 rebellionis
1649 314 1675 339 in

26 385 218 412 quoscunque
235 374 467 405 accederet.alios
485 371 627 406 promissis
645 367 823 402 simplicibus,
861 365 928 391 alios
965 362 1173 397 interpositione
1203 361 1418 396 jurameutorum
1443 360 1493 386 sibi
1518 360 1677 393 adjuntlens.

28 427 75 452 Ac
94 426 124 451 in
141 422 313 450 multitudine
327 420 433 454 quidem
450 417 558 444 militari
572 421 599 442 et
617 421 730 449 corpore
764 412 901 440 exercitus
914 410 971 437 suis
989 409 1114 444 partibus
1128 407 1287 438 asserenda,
1324 415 1377 432 non
1412 406 1527 432 multum
1571 406 1679 437 putabat

29 471 232 500 laborandum.
249 468 308 494 Jztm
327 468 399 494 enim
415 464 485 492 haud
500 465 578 490 dubie
591 469 686 489 omnes
703 463 728 488 in
739 461 830 495 ipsum
852 457 1066 492 propendebant.
1093 455 1120 482 In
1143 462 1175 481 eo
1190 459 1261 492 totus
1277 457 1336 480 erat
1350 458 1378 479 ut
1421 458 1562 485 magnatcs
1597 451 1681 485 ipsos,

32 523 96 544 tam
117 517 160 550 qui
181 514 355 549 dignitatibus
373 511 536 538 militaribus
561 509 588 536 in
608 508 706 535 castris
721 507 887 536 eminebant,
924 511 1005 538 quam
1040 502 1085 536 qui
1122 501 1299 536 magistratus
1324 499 1509 534 amplisaintus
1535 498 1561 524 iit
1601 505 1682 531 rt-pu-

34 567 114 593 lulica
135 569 262 599 gererent
281 568 307 589 et
334 561 464 588 eximium
489 557 658 585 auctoritatis
683 556 708 582 in
734 558 829 581 senatu
850 552 937 578 locum
958 550 1123 581 obtinerent,
1148 549 1199 575 sibi
1218 547 1292 574 ontui
1336 554 1400 573 cura
1429 547 1616 572 demereretur
1651 552 1683 572 ac

35 614 208 640 devint-irel.
225 612 293 645 Ergo
308 617 355 637 eos
372 609 475 635 ttullum
491 607 570 634 tinent
588 602 732 640 prensandi
751 600 877 628 faciebat.
896 599 927 625 Et
942 599 1060 624 habebat
1095 600 1212 622 mentem
1248 594 1395 621 acutiorem
1438 593 1549 626 ancipiti
1583 593 1684 626 gladio,

36 663 91 688 sed
113 660 232 687 instabili
248 665 357 692 semper
377 656 487 683 levitate
510 654 641 680 volitabat
658 660 664 678 :
682 650 782 677 nullam
798 648 830 674 ad
852 647 932 673 aliato
950 645 1006 673 fere
1018 645 1209 679 cogitationem
1227 650 1288 669 cum
1340 641 1427 675 aliqua
1454 641 1604 667 constantia
1640 648 1686 672 ap-

43 709 158 742 pellens
175 708 304 736 animum,
321 710 502 739 praeterquam
518 702 550 728 ad
590 697 764 727 ambitionem
798 693 960 728 oct‘ttpandm
990 692 1151 727 tyrannidis.
1198 689 1283 716 Homo
1311 693 1370 715 erat
1408 695 1534 714 sermone
1559 687 1685 720 blandus,

44 733 103 742 γη
300 733 303 736 .
322 733 327 739 .
431 733 436 737 .

37 754 245 782 consuetudine
256 751 342 778 comis
358 750 497 776 modestia:
509 755 538 774 se
551 747 708 781 plerutnque
721 741 836 776 quadam
855 739 954 773 specie.
977 744 1106 772 tanquam
1133 736 1202 771 pelle
1228 735 1333 768 vnlpina
1370 733 1510 765 obtegens,
1554 733 1600 758 sed
1632 740 1684 759 non

39 808 111 828 raro
125 801 151 826 in
164 797 351 825 occasionibus
363 792 575 822 excandescendi
610 798 668 818 sese
709 785 871 815 exercebant
905 784 989 810 leonis
1019 789 1121 816 ungues
1146 786 1172 808 et.
1199 781 1301 817 rabies.
1322 779 1415 805 Robur
1441 783 1500 804 erat
1533 777 1601 804 fastu
1628 779 1685 810 pari

40 848 236 881 cOnjunctum,
253 843 352 878 quibus
370 849 399 868 se
415 840 515 875 piganti
533 836 676 873 quantovis
689 842 780 870 parem
807 833 832 858 itt
852 830 1039 863 belligerando
1053 828 1228 864 gloriabatur.
1245 827 1378 853 Triticens
1412 825 1486 852 Color
1503 825 1568 854 oris,
1601 825 1683 849 latum

941 878 947 881 .
1183 876 1189 881 .
1249 875 1255 881 .
1369 873 1389 881 η
1447 880 1450 881 ν
1567 870 1616 881 ϋη,
1647 870 1671 881 ,__

42 870 118 881 μω,
132 870 165 873 ..-
262 870 268 878 .
415 870 423 874 -
444 870 457 875 ν
542 870 547 873 .

42 901 163 930 pectus;
180 893 242 920 totis
255 890 375 918 humeris
392 888 529 915 emittebat
545 892 625 917 supra
639 888 770 910 staturam
790 887 883 907 eortttn
902 878 947 913 qtti
981 882 1044 904 tunc
1078 881 1156 903 erant
1183 875 1334 902 hominum.
1369 873 1455 899 Porro
1478 871 1535 898 sive
1567 870 1618 903 pila
1647 870 1685 895 ln-

818 929 822 930 ν
890 926 896 930 .
1165 923 1171 930 ι
1219 928 1224 930 .
1342 926 1377 930 ειν
1403 925 1422 930 γ.
1464 927 1508 930 -A”
1536 919 1679 930 -ἶ......1μ,.-.ι

43 919 71 930 I"
86 919 108 922 "
122 919 143 921 "
156 919 163 927 ι

43 944 137 972 deret.
157 948 204 966 sett
221 946 320 972 equum
336 936 491 966 tlomilaret,
515 941 563 961 seu
590 932 711 967 jacttlum
727 929 870 964 expediret
890 926 916 954 ltt
936 933 1060 960 scopum,
1088 932 1135 951 seu
1165 923 1270 950 hastam
1299 925 1435 956 quateret,
1461 927 1508 946 seu
1535 919 1680 944 simulacra

44 991 137 1018 ciert-t
168 985 304 1021 equestris
328 991 436 1020 pugnm,
453 981 625 1009 admirationi
658 977 844 1014 spectantibus
863 979 933 1006 erat,
952 973 1018 1000 nihil
1034 973 1083 999 nisi
1102 972 1177 999 hiare
1195 979 1227 998 ac
1263 975 1372 1004 stupere
1417 968 1577 995 valentibus.
1603 967 1686 1000 258

49 1038 92 1064 Ea
112 1045 157 1064 res
171 1033 370 1062 incredibiliter
381 1031 466 1058 valuit
485 1031 516 1056 ad
535 1029 652 1055 favorem
666 1025 846 1053 multitudinis
865 1024 916 1058 ipsi
946 1021 1158 1049 conciliandam.
1186 1019 1241 1045 Nec
1271 1018 1355 1052 plebis
1384 1016 1462 1042 modo
1508 1015 1564 1041 ha‘c
1597 1014 1685 1040 studia

45 1089 154 1115 erant;
174 1081 307 1117 siquidem
325 1076 582 1106 MichaelTaronita
618 1082 697 1109 quem
730 1073 879 1107 imperator
899 1066 1140 1103 pauhypersebasti
1173 1065 1304 1099 dignitate
1334 1066 1460 1089 ornatum
1486 1069 1499 1086 a
1521 1069 1549 1087 se
1577 1059 1685 1093 propria

927 1114 933 1117 ³
968 1115 972 1117 “
1061 1112 1066 1117 ¹
1080 1111 1085 1117 ¹
1107 1111 1112 1117 ¹
1144 1116 1147 1117 ⁷
1219 1110 1226 1117 ¹
1240 1109 1245 1115 “
1307 1109 1312 1114 ¹
1332 1109 1338 1114 ”
1389 1107 1488 1117 Ιλ-ΞΙν-.-
1532 1104 1685 1117 λ.«ιῖιι.ιι.ιιιι.

48 1131 105 1165 ipsi
122 1136 218 1156 sorore
235 1127 259 1153 in
284 1123 488 1152 matrimonium
505 1122 592 1148 danda
619 1119 774 1146 tlevinxisse
794 1116 844 1144 sibi
865 1114 1020 1142 arctissime
1044 1111 1195 1146 ridebatur,

1219 1109 1262 1136 his
1289 1109 1338 1135 viri
1380 1107 1489 1134 dotibus
1531 1104 1689 1137 artibusque

47 1177 187 1212 pellectus
211 1173 269 1208 ejus
296 1176 388 1207 partes
422 1168 578 1196 domesticis
605 1166 746 1193 aﬂ‘ectihns
775 1161 904 1197 prmtulit.

109 1210 172 1247 Αλλ¹
189 1199 357 1246 ἐπακιακῖῑέον
372 1215 418 1242 τδν
439 1215 518 1250 λόγον
537 1213 612 1243 αὖθις
627 1213 688 1239 δοεν
706 1209 844 1244 ἀπερρύη.

943 1205 969 1234 Jt
985 1205 1066 1239 igitur
1082 1211 1114 1230 eo
1131 1202 1276 1230 reducatur
1295 1201 1365 1227 unde
1379 1199 1501 1234 digressa
1517 1200 1606 1225 oratio
1628 1205 1680 1230 est,

51 1267 108 1295 καὶ
125 1265 187 1293 παῦ’
204 1264 299 1299 εἱρμδν
319 1262 412 1290 ἑκτέον
434 1262 483 1295 τῆς
506 1260 669 1293 διηγήσεως.
692 1257 720 1283 '0
739 1257 788 1292 μὲν
803 1253 850 1282 οὖν

51 1298 256 1347 αὐτοκράτωρ,
274 1310 331 1340 τοῖς
352 1307 494 1342 λογισμοῖς
522 1305 680 1339 ἀνατρέχων
709 1302 738 1334 ἐξ
764 1298 850 1335 οὗπερ

50 1359 110 1395 τὴν
125 1357 188 1385 καῦ¹
203 1355 299 1382 ἑαυτοῦ
320 1354 365 1381 τοῦ
382 1352 526 1386 Διογένους
547 1350 664 1386 μελέτην
684 1349 850 1381 ἀνέγνωκεν,

52 1393 110 1433 καὶ
132 1405 204 1434 ὅπως
228 1401 259 1434 ἐξ
277 1400 364 1436 ἀρχῆς
383 1399 467 1432 αὐτῆς
491 1397 541 1431 τῆς
565 1395 647 1422 αὑτοῦ
673 1393 853 1430 ἀναρρήσεως

55 1451 167 1485 ἀμφοῖν
181 1448 317 1483 ἐχρήσατο
331 1446 388 1472 τοῖν
403 1444 539 1478 ἀδελφοῖν,
562 1441 664 1474 ὁπόσης
680 1449 709 1467 τε
724 1438 852 1473 ψιλοφρο-

58 1497 151 1530 σύνης
169 1495 217 1521 καὶ
240 1492 402 1527 κηδεμονίας
426 1489 472 1516 ἐπὶ
490 1488 629 1518 τοσούτοις
647 1485 734 1513 ἔτεσιν
753 1484 853 1514 αὐτοὺς

58 1542 144 1577 ἠξίου
161 1540 212 1567 κᾶν
225 1538 301 1565 οὐδὲν
316 1537 418 1564 τούτων
433 1535 481 1570 τὴν
499 1534 545 1561 τοῦ
564 1531 723 1567 Νικηφόρον
739 1529 854 1564 γνώμην

59 1589 113 1616 ἐπὶ
135 1587 165 1614 τὸ
196 1586 300 1620 βέλτιον
331 1582 540 1618 μετηλλοίωτεν,
566 1580 605 1610 sl;
629 1577 786 1612 ἀμηχανίαν
811 1577 855 1602 ὲν-

63 1636 195 1661 έπιπτεν.
207 1627 345 1665 Ταῦτ’,οὗν
355 1629 369 1655 ὸ
383 1627 509 1663 βασιλεὺς
522 1624 749 1658 ἀναλογιζόμενος
765 1622 854 1649 πάντα

59 1681 116 1708 γαὶ
138 1680 211 1709 ὅπως
240 1676 309 1712 μετὰ
334 1675 364 1702 τὸ
391 1673 526 1708 σφαλῆναι
553 1670 631 1701 αὖθις
657 1668 757 1704 εἰσῄει.
781 1667 854 1698 ὅπως

62 1725 185 1758 (imban
211 1722 287 1757 παρὰ
308 1721 355 1748 τοῦ
377 1720 506 1746 Τατικίου
532 1718 580 1744 καὶ
599 1715 681 1750 γνοὺς
691 1715 713 1730 ⁸⁸
731 1715 805 1744 ὅπως
825 1711 856 1738 τὸ

65 1769 221 1806 gave-spbe
237 1768 356 1802 σιδήριον
373 1765 463 1800 θήγων
477 1763 537 1790 κατ’
547 1760 641 1793 αὑτοῦ,
654 1759 767 1794 αἵμασιν
779 1758 855 1783 ἀναι-

64 1804 137 1847 etot;
152 1804 261 1841 σπεύδει
282 1812 382 1848 χρὰναι
406 1810 454 1842 τὰς
478 1809 583 1844 χεῖρας,
604 1806 650 1834 καὶ
669 1807 683 1832 ὀ
702 1804 772 1835 τέως
793 1804 857 1836 ἑφε-

66 1862 175 1898 ὂρειῖων
203 1861 251 1887 καὶ
277 1858 372 1889 νυκτὸς
400 1856 445 1883 τὸν
472 1855 552 1889 φόνον
584 1851 721 1888 ἐπιτηρῶν
748 1850 857 1876 τελέσαι

68 1896 316 1941 ἀπαρακαλύπτως
343 1903 439 1930 τοῦτον
464 1901 514 1937 ήδη
546 1898 724 1929 ὲπισπεύδει,
749 1896 858 1926 πολλοῖς

69 1953 238 1988 ἐκυμαίνετο
252 1950 403 1984 λογισμοῖς.
424 1947 522 1974 Ἤθελε
544 1946 594 1981 μὲν
607 1944 653 1971 οὖν
672 1941 797 1977 οὐδαμῶς
813 1941 858 1967 τὸν

70 1987 205 2034 Διογένην
222 1995 432 2033 μετελεύσεσθαι
448 1993 480 2020 δι’
493 1991 601 2027 δνπρδς
617 1990 699 2017 αὑτὸν
716 1987 859 2023 ἐγκάρδιον

70 2032 208 2079 ἐκέιιτηέο
223 2032 322 2074 πόθον,
339 2041 439 2076 ἐξόχως
457 2038 502 2065 τὸν
529 2037 613 2072 ἄνδρα
638 2035 734 2070 φιλῶν.
756 2032 858 2065 Ἀπαξ-

68 2093 169 2122 estid);
190 2091 219 2117 δὲ
245 2089 352 2116 ἅπαντα
379 2085 496 2113 συνελὼν
511 2084 564 2117 ὅπη
584 2091 612 2109 τε
641 2080 810 2116 προϐήσεται
830 2078 860 2104 τδ

70 2138 161 2166 ὂεινὺν
175 2136 284 2166 ἐννοῶν,
307 2134 368 2160 ἐπεὶ
383 2133 428 2158 τὸν
451 2130 515 2166 περὶ
538 2129 628 2164 ψυχῆς
650 2127 772 2154 κίνδυνον
786 2123 861 2158 αὐτῷ

73 2183 258 2218 ἐφιστάμενον
276 2181 347 2213 ἔγνω
364 2178 512 2213 πλήττεται
534 2176 583 2209 τὴν
606 2173 731 2207 καρδίαν.
749 2170 805 2197 Καὶ
823 2170 862 2200 εἰς

73 2232 103 2257 ἓν
124 2230 156 2255 τὸ
176 2229 229 2254 πᾶν
251 2223 423 2258 συναγαγὼν,
446 2223 501 2248 δεῖν
524 2221 631 2256 ἔκρινεν
649 2217 796 2251 κατασχεῖν
818 2215 863 2241 τὸν

72 2275 244 2310 Νικηφόρον.
264 2273 379 2302 Ἐκεῖνος
394 2269 422 2296 δὲ
439 2268 484 2295 τὸν
495 2266 682 2302 μελετώμενον
694 2261 864 2290 ἐπισπεύδων

73 2309 200 2358 ερισμὸν
215 2320 262 2346 καὶ
280 2317 442 2353 βουλόμενος
458 2314 555 2344 νυκτὸς
572 2313 621 2346 τῆς
642 2310 710 2345 πρὸς
732 2309 865 2343 Χριστου-

75 2353 185 2398 πόλεως
201 2365 337 2400 φερούςης
360 2361 492 2396 ἅψασθαι,
510 2359 630 2393 ἑσπέρας
647 2354 810 2385 ἀποστείλας
826 2353 866 2383 εἰς

75 2417 125 2442 τὸν
138 2411 398 2448 Πορψνρογέννητον
413 2405 617 2433 Κωνσταντῖνον
635 2403 682 2429 τὴν
699 2401 809 2428 δοθέντα
821 2397 867 2424 αὖ·

75 2462 119 2496 τῷ
135 2459 210 2494 παρὰ
225 2457 271 2483 τοῦ
291 2454 424 2491 βασιλέως
440 2451 608 2487 ταχυδρὸμον
630 2449 712 2475 ἵππον
723 2447 830 2482 ῂῖτεῐτο
845 2443 867 2458 ’⁷

77 2491 304 2542 ἰιιιιιίχαρέσασθαί
327 2503 361 2528 οἱ.
384 2501 414 2527 '0
444 2499 472 2525 δὲ
500 2498 548 2524 καὶ
572 2496 594 2512 ⁸⁸
614 2497 752 2524 ἀνένευσε,
781 2491 867 2524 λέγων

81 2553 122 2589 μὴ
148 2549 278 2577 δύνασθαι
303 2548 389 2581 δῶρον
409 2544 527 2571 τοιοῦτον
549 2541 704 2576 αὺθήμερον
726 2537 772 2564 τοῦ
792 2536 868 2571 βασι-

79 2600 152 2628 λέως
171 2593 401 2629 ἁποποιήσασϐαι.
428 2589 504 2616 Ἐπεὶ
528 2588 555 2614 δὲ
580 2586 685 2622 πρωΐας
708 2585 721 2610 ὁ
744 2581 868 2618 βασιλεὺς

80 2645 133 2678 τῆς
149 2640 333 2677 προκειμένης
346 2637 408 2664 ὁδοῦ
424 2636 524 2672 ἥψατο,
542 2629 684 2661 συνείπετο
694 2630 782 2664 τούτῳ
798 2629 842 2654 καὶ
855 2627 869 2652 ὁ

81 2673 226 2721 Διογένης,
239 2685 285 2711 τοῦ
298 2682 518 2714 διασκεδὰζοντος
537 2679 643 2716 βουλὰς,
658 2677 706 2704 καὶ
721 2673 868 2709 λογισμοὺς

82 2733 246 2763 ἁθετοῦντος
262 2729 336 2757 λαῶν
354 2728 423 2755 Θεοῦ
439 2727 534 2754 τοῦτον
556 2725 719 2760 σφήλαντος,
731 2730 870 2757 γνωσιμα-

902 1253 1042 1286 seriesque
1070 1249 1191 1277 historite
1206 1248 1343 1278 reddatur,
1359 1246 1467 1280 collegit
1492 1253 1521 1272 se
1542 1246 1692 1279 imperator

903 1299 945 1325 his
960 1305 1020 1332 quae
1038 1296 1181 1323 retulimus
1197 1293 1354 1328 compertis,
1380 1298 1406 1320 et
1425 1300 1457 1319 ex
1476 1300 1528 1318 ttna
1551 1297 1627 1324 parte
1646 1300 1691 1319 re-

903 1349 1004 1379 putans
1020 1350 1101 1378 quam
1117 1339 1247 1368 benevole
1261 1347 1290 1366 se
1310 1347 1323 1365 a
1337 1338 1472 1374 principio
1491 1345 1627 1371 quamque
1650 1337 1692 1364 in-

903 1390 1044 1423 dulgenter
1057 1395 1087 1414 ac
1104 1391 1217 1422 paterne
1233 1385 1326 1412 ambos
1342 1385 1366 1410 in
1383 1383 1483 1410 fratres
1497 1383 1636 1417 gessisset,
1653 1387 1692 1410 tot

905 1433 984 1460 annis
1004 1431 1175 1458 lamiliariter
1203 1429 1264 1456 illos
1287 1427 1430 1459 adhibens,
1451 1427 1693 1460 atuatttissianue

903 1481 976 1513 ipsos
997 1485 1108 1509 cttrans,
1129 1483 1209 1511 qttam
1229 1474 1296 1501 nihil
1323 1479 1412 1500 tamen
1441 1473 1492 1499 ista
1515 1471 1694 1506 profecissent

905 1525 938 1553 ad
952 1523 1133 1552 deliniendam
1159 1521 1238 1555 hujus
1255 1520 1374 1547 animum
1401 1518 1556 1553 Nicepltori,
1581 1519 1693 1544 iteratus

906 1571 1039 1601 insidias,
1068 1569 1321 1602 deprehensamque
1349 1570 1508 1592 nocturnam
1543 1565 1644 1595 sicam,
1666 1568 1694 1590 et

904 1618 1049 1651 disiectum
1066 1615 1164 1642 Tatirii
1188 1620 1301 1641 occursu
1328 1611 1533 1645 sanguinarium
1558 1610 1692 1644 inceptum

905 1664 1091 1698 expcditarum
1117 1661 1151 1687 ad
1176 1659 1350 1694 parricidittm
1368 1664 1507 1686 manuum,
1538 1663 1570 1682 eo
1599 1655 1695 1688 majori

907 1709 1000 1736 dolore
1015 1715 1063 1734 suo
1079 1705 1281 1735 recordabatur,
1295 1710 1348 1737 quo
1363 1701 1452 1728 minus
1475 1699 1525 1726 sibi
1542 1703 1600 1725 erat
1626 1706 1692 1724 con-

908 1755 980 1782 scius
994 1753 1056 1780 facti
1073 1752 1155 1778 ttllius
1168 1749 1267 1777 dictive
1281 1756 1335 1782 quo
1353 1749 1440 1781 ipsum
1454 1746 1578 1772 laesisset.
1593 1743 1666 1770 Tanti
1679 1752 1695 1770 rt

908 1805 968 1827 crat
992 1797 1189 1826 occurrendum
1217 1793 1376 1822 denuntiato
1402 1791 1520 1826 periculo
1545 1791 1696 1824 graSsautis

910 1846 1020 1873 sceleris
1035 1852 1042 1871 :
1057 1848 1084 1872 et
1099 1850 1160 1870 cttm
1177 1841 1244 1869 satis
1258 1843 1394 1866 constaret
1409 1837 1550 1864 imminere
1564 1843 1605 1869 pe:
1615 1835 1695 1862 [illum

873 1890 895 1918 Β
910 1897 974 1920 tunc
989 1899 1049 1918 cum
1067 1889 1185 1916 maxime
1210 1891 1345 1914 nocturna
1371 1885 1521 1917 tlinruaqne
1546 1882 1697 1908 attentione

910 1940 937 1966 in
953 1945 1046 1965 omnes
1064 1935 1221 1963 occasiones
1238 1931 1424 1968 perpetrandae
1442 1930 1534 1961 caedis,
1549 1936 1600 1954 non
1622 1927 1697 1953 vidc-

910 1985 990 2012 batur
1017 1979 1239 2009 committendum
1274 1981 1303 2003 ut
1333 1974 1541 2002 dissulutissimo
1573 1972 1696 2006 neglectu

912 2034 994 2057 tautze
1024 2027 1063 2055 rei
1091 2026 1163 2053 salus
1191 2033 1223 2051 ac
1250 2027 1329 2057 caput
1358 2020 1492 2056 principis
1519 2019 1591 2045 ferro
1614 2017 1698 2051 parati

911 2075 1051 2112 parricida:
1074 2072 1271 2100 incustoditqu
1295 2068 1469 2102 objiceretur.
1490 2065 1623 2092 Cteterutn
1651 2064 1701 2089 ad-

912 2129 1007 2150 versus
1019 2121 1074 2147 hmc
1091 2118 1274 2145 intercedente
1287 2120 1379 2141 tenero
1395 2119 1486 2138 amore
1499 2110 1597 2137 veteris
1613 2109 1698 2136 c'irn-

915 2169 959 2199 tis.
977 2165 1085 2194 decerni
1108 2163 1216 2199 gravius
1239 2161 1305 2188 nihil
1320 2160 1346 2186 in
1363 2164 1419 2185 tant
1440 2164 1503 2183 vere
1526 2160 1634 2188 Iamque
1653 2153 1699 2180 diu

914 2214 1041 2240 dilecttttn
1060 2209 1205 2244 Diogenem
1231 2207 1263 2233 ab
1279 2207 1445 2239 imperatore
1469 2205 1583 2235 poterat.
1601 2197 1698 2224 Verum

915 2265 947 2284 ex
963 2256 1077 2282 adverso
1090 2255 1249 2279 recurrcnte
1265 2248 1406 2283 pr-nscutis
1421 2245 1510 2280 specie
1535 2242 1647 2277 periculi
1673 2245 1701 2267 et

915 2300 1118 2331 formidolosius
1147 2306 1175 2324 se
1205 2297 1366 2323 admovente
1393 2291 1517 2319 sensibus
1541 2289 1699 2316 insitl‘artnn

915 2348 998 2377 semel
1025 2347 1175 2379 iterumque
1198 2341 1425 2376 deprehensarum
1460 2334 1638 2364 discrimine,
1669 2338 1701 2356 ac

917 2402 981 2422 cura
997 2395 1136 2427 perpetua,
1154 2389 1197 2415 vix
1210 2387 1319 2414 tandem
1335 2383 1463 2410 conclusa
1478 2380 1636 2407 deliberatio
1649 2381 1702 2406 est.

919 2420 1103 2471 statutum-que
1123 2420 1265 2462 consilium
1289 2427 1415 2463 Diogenis
1443 2420 1702 2457 comprehendeudi.

917 2486 977 2520 lp~e
991 2490 1070 2518 porro
1080 2479 1244 2512 Mcepbortts
1255 2476 1416 2502 admonente
1427 2478 1442 2497 c
1454 2467 1591 2495 >ttscieutia
1608 2465 1701 2498 fugam

1511 2513 1538 2520 η.
1567 2512 1573 2517 .
1593 2515 1599 2520 _
1622 2509 1701 2520 ήμη-

919 2509 926 2512 “
967 2509 975 2510 7
991 2509 1002 2518 l’
1146 2509 1152 2512 .

919 2509 947 2558 ill
977 2533 1112 2563 posterum
1142 2525 1212 2551 diem
1238 2521 1361 2554 cogitans
1384 2523 1479 2543 versus
1509 2509 1702 2542 Christopolim

923 2556 995 2602 misit
1010 2573 1060 2600 sul)
1076 2576 1214 2604 vesperam
1235 2566 1268 2593 ad
1283 2562 1492 2592 Constantinum
1517 2556 1704 2590 Porpltyroge—

923 2623 1006 2648 nitutn
1024 2617 1069 2652 qui
1089 2617 1122 2642 ab
1139 2623 1171 2642 co
1187 2621 1237 2641 suo
1253 2611 1360 2638 nomine
1383 2614 1430 2643 pro
1445 2603 1564 2633 amicitia
1591 2603 1703 2636 peteret,

923 2671 951 2694 ut
967 2665 1018 2693 sibi
1035 2663 1196 2690 concederet
1204 2665 1303 2693 equum
1317 2655 1446 2685 celerem,
1459 2657 1540 2686 quem
1557 2648 1583 2674 itt
1596 2644 1704 2679 hospitii

924 2713 1045 2747 digressu
1058 2709 1082 2735 ei
1097 2708 1167 2734 dono
1183 2692 1292 2732 dederat.
1303 2702 1450 2736 Angustus.
1467 2697 1501 2724 At
1510 2692 1706 2724 Constantinus

621 2782 718 2813 Variae
732 2782 886 2812 lectiones
906 2788 942 2810 ex
965 2779 1033 2810 cod.
1050 2776 1178 2808 (Ioislin.

110 2845 136 2860 “
153 2844 234 2871 Deest
250 2849 298 2868 vos
314 2838 406 2872 γνούς.
445 2838 465 2853 ⁶⁷
486 2837 586 2871 ᾐτεῖτο.

640 2834 661 2848 ³⁸⁸
676 2834 753 2859 Deest
770 2832 864 2858 vocula
880 2831 939 2857 καί.
