1868 3045
181 130 238 163 ’163
827 127 918 159 ΑΝΝί

1108 127 1149 157 l/E
1782 119 1845 153 764

185 197 266 224 quam
286 188 381 224 Apollo
398 195 481 222 supra
494 187 640 216 Teucrum.
659 186 717 215 Non
735 186 780 214 hic
794 193 870 218 sane,
886 189 915 212 ut

1109 183 1208 219 ;ράτωρ
1227 182 1277 214 τὰς
1293 181 1360 214 ιδίας
1376 180 1518 217 δυνάμεις,
1539 179 1580 212 εἰς
1593 179 1684 215 φυγὴν
1701 177 1754 210 τὰς
1778 179 1846 204 τῶν

183 235 253 270 apud
280 234 427 262 Homerum
443 234 530 262 Graeci
541 253 549 266 ,
566 242 673 261 nervum
686 240 823 264 mammia,
847 236 920 258 costa

797 240 823 264 ε,
847 236 976 266 castaque
1030 229 1155 256 Λατίνων
1170 228 1364 265 προύτρέψατο
1380 227 1534 262 φάλαγγας.

181 281 309 316 sagittam
355 281 484 315 aptabant
512 285 600 307 tractu
631 281 716 312 vario,
742 278 892 305 venatorius
929 277 1060 304 duntaxat
1090 275 1229 310 specimen
1254 275 1365 303 edentes
1405 273 1491 307 artis,
1527 273 1573 300 sed
1613 272 1686 298 velut
1717 271 1846 306 quidam

181 329 324 360 Ilerculcs,
345 328 406 355 Tela
423 327 568 354 immortali
579 326 689 353 lcthalia
711 325 826 352 destinat
843 332 918 355 arcu,
938 329 996 356 qua:
1011 321 1111 349 frustra
1128 321 1248 355 eli‘ugere
1266 321 1328 355 quis
1343 323 1451 354 speret,
1466 319 1489 346 si
1512 318 1593 354 297
1609 320 1690 345 modo
1719 318 1746 345 in
1769 326 1849 345 eum

183 376 229 403 ille
259 374 400 402 colliinare
443 373 510 400 tanti
540 372 667 404 duxerit;
691 370 758 398 nihil
783 370 854 396 enim
884 368 993 404 petebat
1013 367 1085 402 quod
1096 374 1150 394 non
1163 371 1366 400 assequeretur,
1385 365 1449 392 nulli
1465 365 1539 392 serio
1556 365 1715 392 minabatur
1746 373 1850 399 quem

183 430 237 450 non
267 421 370 448 feriret.
397 419 490 454 Neque
512 420 564 446 hoc
589 418 640 446 ista
660 417 745 444 solum
769 416 912 444 occasione
933 418 964 443 de
981 423 1033 451 qua
1046 416 1154 449 loquor,
1169 413 1402 441 animadversum.
1426 412 1501 441 Alias
1527 418 1554 440 et
1584 412 1658 444 alibi,
1694 419 1850 446 quacun-

184 477 238 504 que
256 468 353 496 ludicri
369 466 539 498 certaminis,
554 469 601 492 aut
619 465 675 492 veri
693 463 778 498 praelii
794 463 870 497 copia
883 470 913 490 se
928 462 1012 494 dedit,
1031 461 1162 496 quidquid
1198 464 1246 488 aut
1279 467 1469 495 quemcunque
1503 459 1556 488 sibi
1587 467 1635 494 pro
1664 466 1754 494 scapo
1772 466 1852 493 pro-

183 514 285 549 posuit,
306 514 385 548 plane
401 511 535 547 percussit
556 511 610 538 ictu
635 509 794 536 inevitabili.
817 508 886 541 Quid
906 515 1004 542 corpus
1032 508 1110 535 dico?
1148 506 1337 541 qualecunque
1379 506 1505 541 quamvis
1543 506 1690 537 minutum,
1738 505 1852 539 cujus-

185 569 294 594 cunque
330 560 483 587 membrum
509 563 555 585 aut
577 563 681 593 partem
709 557 790 584 ferire
836 555 1000 583 collimando
1035 560 1158 590 cuperet,
1189 555 1280 582 statim
1311 553 1421 588 displosi
1450 554 1495 581 teli
1521 553 1594 581 acies
1610 554 1725 588 ﬁgebat.
1760 555 1850 580 Ade-3

184 611 264 645 longe
288 610 394 636 Teucro
424 612 451 634 et
485 607 583 640 Aiaces
610 613 704 633 omnes
726 605 817 632 Caesar
844 604 977 640 Bryenius
1010 604 1108 632 robore
1138 603 1266 630 tendendi
1302 610 1399 634 arcus,
1439 607 1466 630 et
1495 602 1636 631 celeritate
1669 602 1849 630 excutiend;

182 655 266 691 jaculi
300 654 464 681 antecellere
489 653 646 680 videbatur.
669 651 802 678 Caeterum
841 654 981 684 utcunque
1002 649 1062 677 talis
1076 657 1108 677 ac
1123 653 1214 676 tantus
1230 649 1256 676 in
1276 654 1334 676 arte
1344 649 1480 684 jacnlandi
1495 648 1557 680 l'uit,
1578 653 1667 676 tamen
1703 657 1773 677 eum
1812 656 1846 677 ει

184 703 238 731 diei
270 701 364 737 religio
385 709 471 728 sacra:
516 704 543 727 et
572 699 728 726 mandatum
760 697 932 731 imperatoris
959 697 995 724 ita
1036 697 1154 732 placavit
1192 697 1326 728 hostibus,
1360 701 1389 723 ut
1411 697 1444 724 iis
1463 698 1588 731 quamvis
1604 697 1682 724 iratis
1707 701 1737 724 et
1766 698 1849 724 mori

185 749 353 775 merentibus
368 748 462 775 volens
474 750 608 782 parceret.
634 745 666 771 Et
690 745 797 772 obstare
815 744 877 771 licet
892 743 1023 770 simulans
1039 743 1065 770 in
1082 751 1130 770 eos
1145 743 1269 778 galeatos
1290 743 1484 779 clypeatosque
1521 751 1552 771 ac
1586 751 1615 771 se
1647 749 1707 772 toto
1743 744 1852 771 furore

185 795 365 822 admoventes
382 794 518 822 moenibus
538 800 656 827 superne
674 799 828 826 repugnans
843 790 1023 824 jacularetur,
1037 790 1190 817 voluntaria
1227 797 1316 818 tamen
1348 790 1534 818 misericordia
1570 792 1704 826 perdebat
1740 791 1850 822 ictum,

188 843 243 870 alio
259 849 339 876 quam
362 841 389 868 in
407 841 499 868 vitalia
522 841 681 873 declinans;
712 839 847 867 interdum
876 843 903 866 et
925 838 983 865 solo
1019 839 1134 872 strepitu
1176 844 1279 866 terrere
1301 844 1457 867 contentus.
1485 839 1624 873 Expressit
1656 843 1758 866 tamen
1790 840 1849 865 im-

188 894 307 924 portuna
328 887 500 914 contumacia
523 887 700 922 quantumvis
721 887 862 921 ignoscere
885 890 981 920 parato
1002 885 1103 913 lcthale
1119 885 1218 913 vulnus
1235 886 1317 913 unius
1337 894 1352 914 e
1373 885 1478 914 Latinis
1507 886 1657 914 Thrasonis
1698 888 1850 914 amentia.

191 934 218 961 Is
255 941 308 960 non
334 938 478 961 contentus
509 933 682 961 creberrimis
710 941 793 967 quam
835 932 988 959 rectissime
1024 932 1136 959 vibratis
1170 939 1286 967 superne
1307 932 1333 959 in
1351 933 1421 959 muri
1433 939 1534 960 corona
1548 933 1782 968 stantessagittis
1798 940 1849 960 as-

192 979 271 1006 sidue
286 980 431 1013 lacessere,
449 980 531 1007 etiam
548 980 639 1015 lingua
656 979 763 1014 propria
779 979 864 1006 multa
878 978 1090 1012 vociferabatur,
1106 987 1165 1014 qua:
1178 986 1243 1006 sono
1260 979 1331 1014 ipso,
1365 978 1428 1006 licet
1454 987 1546 1006 rerum
1575 980 1748 1007 sententiam
1785 987 1847 1005 non

186 1028 343 1062 perciperes
357 1047 364 1060 ,
393 1027 589 1054 contumeliose
613 1026 712 1061 jactari
745 1026 933 1060 probroseque
957 1025 983 1051 in
1003 1032 1053 1052 nos
1068 1030 1223 1059 appareret.
1241 1025 1267 1052 ln
1282 1026 1354 1052 hunc
1369 1025 1407 1053 sic
1421 1026 1551 1053 meritum
1585 1026 1706 1054 intendit
1741 1033 1848 1056 arcu-

189 1073 298 1107 Cazsar;
328 1079 356 1100 at
388 1073 426 1100 illi
449 1080 497 1108 per
517 1073 640 1108 clypeum
664 1079 766 1107 perque
801 1072 914 1098 interius
941 1071 1059 1098 thoracis
1083 1072 1208 1098 adactum
1236 1072 1317 1099 telum
1358 1073 1434 1100 lateri
1455 1073 1594 1101 brachium
1615 1074 1742 1100 censuit.
1772 1073 1851 1101 Tum

187 1131 253 1150 vero
290 1123 335 1150 ille
356 1123 468 1157 quidem
508 1122 633 1156 deiectus
659 1122 741 1148 humo
773 1127 918 1155 motusque
942 1119 1062 1154 iacebat.
1085 1120 1204 1147 Vocibus
1219 1125 1247 1148 at
1279 1120 1372 1148 mixtis
1401 1121 1537 1156 perfertur
1549 1123 1575 1149 in
1594 1122 1702 1149 aethera
1717 1122 1849 1153 clamor,

187 1174 343 1195 nostrorum
354 1168 455 1195 Cmsari
473 1168 690 1202 gratulantium:
726 1167 846 1194 hostiqu
881 1167 921 1193 sui
951 1166 1099 1193 Thrasouis
1123 1167 1198 1194 clade
1224 1174 1256 1194 ac
1279 1175 1343 1194 casu
1376 1168 1534 1196 dolentium.
1559 1168 1627 1197 Hinc
1651 1169 1714 1203 jam
1746 1174 1850 1197 coorta

190 1215 283 1250 gravis
308 1223 396 1249 pugna
420 1219 471 1246 est,
497 1215 598 1242 nostris
626 1222 679 1241 uno
697 1220 817 1248 tempore
832 1214 877 1247 qui
903 1214 1031 1240 exierant
1045 1214 1183 1248 equitibus
1198 1218 1226 1240 et
1242 1214 1284 1240 his
1301 1215 1334 1241 de
1368 1223 1445 1243 muro
1478 1215 1627 1251 sagittariis
1663 1217 1691 1243 in
1731 1216 1849 1244 hostem

189 1261 367 1288 Vehementer
401 1259 631 1287 incumbentibus.
657 1259 716 1292 Quo
761 1258 939 1285 nihilominus
964 1263 1101 1292 perstaute
1130 1259 1258 1286 submisit
1284 1260 1316 1286 ad
1342 1265 1493 1287 extremum
1530 1262 1678 1296 imperator
1707 1262 1850 1296 proprias

189 1307 275 1341 ipsius
310 1308 423 1342 copias;
463 1314 578 1341 quarum
612 1307 729 1333 adventu
759 1305 915 1338 impetuque
940 1305 1090 1332 recentium
1135 1305 1214 1333 facile
1261 1305 1326 1334 lusa:
1350 1306 1503 1347 fugataque
1545 1306 1711 1335 Latinorum
1754 1311 1849 1343 copia?

189 1353 277 1380 fuere.

230 1400 448 1435 Postridie-litigo
465 1399 602 1435 prolectus
616 1399 649 1427 ad
661 1399 871 1427 Gotthoi‘redum
887 1405 983 1427 auctor
1000 1402 1020 1430 B

191 1448 215 1475 ei
226 1454 390 1481 magnopere
401 1445 450 1473 fuit
459 1448 533 1479 pacis
541 1454 573 1473 cu
581 1454 605 1472 m
615 1447 776 1479 imperatore
785 1446 928 1479 faciundae,
936 1446 985 1473 de-

190 1494 331 1524 nuntians,
345 1493 485 1527 uisi,quod
498 1492 624 1526 exigebat
635 1492 690 1524 ille,
706 1492 811 1519 ﬁdelem
823 1492 859 1518 illi
870 1499 899 1520 se
911 1491 985 1519 futu-

194 1546 255 1565 rum
266 1537 442 1572 jurejurando
452 1537 612 1571 interposito
621 1537 765 1571 sponderet
776 1537 983 1570 Gotthol‘redus,

191 1583 341 1619 periculum
351 1590 412 1610 esse
420 1590 539 1616 praesens
549 1590 581 1609 ne
588 1582 763 1618 copiazipsius
772 1590 785 1609 a
796 1588 925 1611 veterano
933 1585 985 1611 du-

191 1637 221 1656 ce
232 1634 375 1656 veteranas
388 1628 420 1654 ad
434 1635 540 1654 manum
560 1627 676 1654 habente
691 1628 811 1663 legiones
820 1636 918 1655 novatn
933 1630 986 1657 ite-

189 1679 251 1703 rato
274 1675 378 1701 cladem
393 1676 558 1709 acciperent.
583 1673 696 1708 Accepit
711 1674 847 1701 hominem
862 1675 986 1708 asperius

190 1720 394 1753 Gotthol‘redns,
408 1721 528 1755 indigna,
537 1725 566 1747 ut
577 1721 699 1755 putabat,
710 1720 870 1748 suadentem
884 1720 985 1755 :Tune,

189 1766 332 1801 inquiens,
348 1771 486 1801 postquam
503 1766 575 1801 regio
594 1767 722 1793 comitatu
739 1767 883 1800 spirituque
901 1775 987 1801 egres-

189 1821 235 1839 sus
258 1813 336 1845 domo
359 1821 418 1840 cum
442 1813 523 1840 tantis
539 1814 621 1847 copiis
635 1819 657 1840 et
674 1813 779 1848 opibus,
801 1814 828 1840 in
850 1813 986 1848 fortuna":

150 1872 153 1873 ν
190 1858 418 1892 conditionemque
434 1858 541 1885 Immitis
558 1858 663 1885 clientis
677 1859 792 1893 abjicere
808 1863 833 1885 te
850 1859 885 1885 at!
899 1859 987 1886 Alexii

189 1904 266 1938 pedes
279 1905 398 1939 potuisti,
415 1904 588 1931 etiamaudes
602 1910 729 1940 tanquam
741 1906 778 1932 rei
790 1905 928 1939 prmclane
940 1905 987 1931 tibi

192 1951 325 1983 conscius,
337 1950 407 1977 ultro
415 1940 557 1984 provocare
568 1959 607 1978 me
618 1951 652 1978 ad
663 1951 776 1978 imitatio
783 1959 840 1978 nent
848 1951 896 1983 tui,
905 1951 988 1986 298

190 2001 216 2024 et
229 2002 282 2024 tam
302 2004 397 2031 parum
416 2002 591 2024 consentanea
612 2005 676 2024 mete
691 1998 819 2033 dignitati
837 1998 988 2026 consulere?

191 2043 240 2071 Cui
253 2042 344 2078 Hugo,
362 2043 443 2078 Atqui
460 2044 575 2077 primum
588 2043 705 2070 omnium
723 2037 871 2078 oportebat,
888 2044 987 2079 inquit,

191 2098 245 2117 non
257 2090 401 2118 excessisse
418 2097 476 2122 nos,
493 2091 565 2116 ausis
587 2090 727 2124 improbis,
744 2094 769 2117 et
787 2091 853 2117 uotis
870 2099 915 2125 spe
936 2099 988 2118 non
1001 2077 1024 2107 θ

192 2136 243 2177 nisi
258 2135 341 2162 dubia
364 2135 495 2166 subnixis,
519 2136 590 2162 ultra
621 2135 687 2169 ﬁnes
713 2140 867 2162 nostrarum
895 2143 990 2162 unum-

191 2190 317 2218 quemque
330 2182 473 2214 ditionum,
486 2182 709 2217 cupiditatemque
720 2187 798 2216 atque
812 2183 938 2217 impetum
957 2184 988 2210 ab

193 2229 289 2255 alienis
315 2229 392 2255 rebus
411 2229 575 2255 abstinuisse
595 2232 731 2255 contentos
754 2229 883 2263 propriis.
909 2229 991 2255 Post-

193 2282 273 2309 quam
297 2282 356 2301 vero
373 2275 549 2310 qualicunque
569 2275 678 2301 consilio
693 2275 743 2300 huc
755 2275 805 2301 loci
817 2276 932 2308 provecti
945 2284 992 2302 su—

193 2329 263 2352 mus,
289 2321 333 2347 ubi
345 2321 401 2348 sine
417 2321 542 2348 benevola
562 2329 626 2347 cura
646 2325 671 2347 et
685 2322 848 2355 providentia
867 2322 923 2356 ejus
943 2323 988 2358 qui

193 2367 236 2393 hic
246 2368 356 2402 imperat
379 2367 445 2395 salvi
465 2375 520 2394 esse
537 2376 588 2394 non
601 2375 757 2400 possumus,
773 2368 851 2401 plane
875 2369 898 2395 si
917 2370 990 2402 sapi-

194 2422 263 2445 mus,
277 2415 341 2441 dare
363 2414 490 2453 debemus
523 2422 641 2449 operam,
669 2415 802 2441 audiendo
822 2424 862 2449 eo,
884 2416 991 2451 ejusque

194 2461 333 2495 postulatis
358 2461 509 2492 rtnnuemlo,
541 2466 569 2487 ut
587 2461 672 2494 ipsum
697 2461 880 2488 demereamur
904 2463 989 2493 nobis,

195 2506 296 2541 alioqui
322 2506 421 2540 [rustra
443 2506 543 2540 felicem
565 2507 663 2533 exitum
702 2515 858 2542 magnorum
895 2513 991 2541 ccepta-

196 2560 256 2578 rum
280 2553 439 2586 spei-amris.
464 2552 582 2580 Reverso
605 2553 714 2589 llugone
737 2561 768 2581 re
790 2554 902 2586 infecta,
933 2562 993 2581 cer—

196 2596 249 2622 tior
261 2597 372 2623 aliunde
389 2597 475 2624 factus
490 2597 640 2632 imperator
651 2618 658 2630 ,
676 2598 744 2625 alios
761 2606 828 2633 quos
850 2599 876 2626 in
895 2599 992 2626 itinere

197 2641 339 2669 constabat
358 2649 417 2670 esse
428 2663 435 2676 ,
452 2650 575 2678 quosque
589 2643 786 2672 Gotthol‘redus
802 2645 990 2680 exspectabat,

1069 1401 1109 1435 Τῇ
1129 1399 1157 1426 δὲ
1177 1398 1237 1433 μετ’
1251 1398 1337 1434 αὐτὴν
1353 1397 1479 1425 ἀπελθὼν
1493 1400 1508 1426 6
1524 1397 1609 1430 οὗΰος
1627 1399 1687 1434 (55)
1710 1402 1847 1429 συνεΐηύ-

1037 1447 1099 1474 λευε
1121 1447 1159 1480 τῷ
1179 1446 1316 1481 Γοντοφρὲ
1337 1444 1375 1480 τῷ
1390 1445 1437 1472 τοῦ
1458 1445 1592 1480 βασιλέως
1618 1445 1739 1478 ὑπεῖξαι
1759 1447 1848 1482 θελή-

1039 1502 1115 1529 ματι,
1132 1494 1156 1519 εἰ
1174 1493 1211 1528 μὴ
1233 1493 1281 1518 καὶ
1296 1491 1425 1526 δευτέρας
1447 1491 1572 1526 βούλοιτο
1584 1492 1635 1527 τῆς
1652 1491 1765 1519 τούτου
1782 1496 1849 1528 περὶ

1037 1539 1072 1566 τὰ
1087 1538 1226 1573 πολεμικὰ
1241 1537 1390 1572 ἐμπειρίας
1414 1537 1513 1570 πεῖραν
1529 1535 1633 1570 λαϐεῖν,
1651 1538 1702 1563 καὶ
1726 1539 1851 1573 ὀμωμο-

1038 1586 1115 1612 κέναι
1137 1583 1262 1618 καθαρὰν
1279 1582 1373 1609 πίστιν
1389 1581 1536 1616 φυλάττειν
1554 1581 1640 1616 αὐτῷ.
1657 1582 1687 1608 Ὀ
1705 1583 1738 1609 δὲ
1760 1584 1850 1610 πολλὰ

1037 1631 1131 1658 τοῦτον
1152 1629 1350 1664 κατεμέμφετο
1362 1628 1450 1663 λέγων
1464 1637 1470 1644 ·
1487 1628 1529 1655 Σὺ
1549 1629 1588 1662 ὡς
1605 1629 1772 1663 βασιλεὺς
1794 1631 1849 1664 τῆς

1025 1677 1114 1710 iam
1130 1676 1323 1710 ἐξεληλυθὼς
1337 1674 1434 1710 χώρας
1443 1675 1518 1709 μετὰ
1533 1675 1683 1701 τοσούτου
1702 1677 1849 1703 πλούτει-

1038 1724 1088 1750 καὶ
1113 1723 1347 1757 στρατεύματος,
1371 1721 1430 1748 νῦν
1451 1720 1484 1753 ἐξ
1504 1721 1605 1754 ὕψους
1625 1721 1790 1748 τοσούτου
1809 1722 1850 1752 εἰς

1038 1770 1152 1796 δούλου
1169 1767 1256 1800 τάξιν
1270 1767 1378 1794 ἑαυτὸν
1390 1767 1583 1800 σιινήλασας.
1599 1766 1673 1793 Εἶτα
1697 1767 1745 1800 ὡς
1768 1768 1847 1802 μέτο

1038 1825 1066 1844 τι
1096 1814 1291 1850 κατωρθωκὼς
1308 1835 1315 1846 ,
1345 1813 1435 1848 κάμοὶ
1465 1812 1588 1840 τοιαῦτα
1613 1813 1847 1847 συμϐουλεύων

1039 1862 1133 1896 ἥκεις.
1149 1860 1179 1887 '0
1192 1861 1231 1892 δὲ,
1241 1860 1351 1893 Ἐχρῆν
1360 1859 1419 1893 μὲν
1434 1856 1523 1891 ἡμᾶς,
1538 1857 1601 1891 ἔφη.
1615 1852 1651 1883 ἐὶι
1662 1856 1734 1889 ταῖς
1752 1857 1844 1886 ἰδίαις

1040 1906 1223 1942 προσμένειν
1243 1906 1362 1940 χώραις,
1381 1902 1505 1930 καὶτῶν
1529 1902 1704 1935 ἀλλοτρίων
1732 1901 1846 1937 ἀπέχε-

1040 1955 1121 1987 σθαι,
1137 1953 1201 1979 ἐπεὶ
1219 1951 1253 1979 δὲ
1267 1952 1372 1986 μέχρις
1384 1948 1442 1977 ὦδε
1462 1949 1665 1983 κατήλθομεν,
1677 1950 1811 1983 πολλῆς
1827 1951 1847 1965 "

1040 2000 1095 2034 τῆς
1123 2000 1176 2027 τοῦ
1196 1998 1352 2032 ,βασιλέως
1375 1996 1557 2031 κηδεμονίας
1576 1995 1734 2029 δεόμενοι,
1754 1997 1783 2022 εὶ
1805 1994 1847 2029 μὴ

1041 2046 1101 2080 τοῖς
1130 2045 1223 2073 αὐτοῦ
1250 2045 1410 2078 πειθόμεθα
1429 2042 1616 2078 ,λόγοις-,οὑκ
1644 2042 1753 2076 ἀγαθὰ
1776 2041 1847 2076 ἡμῖν

1040 2093 1241 2126 συμϐήσεται.
1265 2091 1309 2123 Ὠς
1328 2090 1358 2117 δὲ
1391 2089 1470 2117 κενὸν
1486 2089 1532 2116 τὸν
1550 2087 1636 2116 Οὖεον
1661 2088 1779 2115 ἐκεῖθεν
1806 2088 1845 2120 ἐξ·

1040 2138 1159 2173 έπεμψε,
1173 2136 1394 2173 πληροφορηθεὶς
1408 2137 1421 2162 ὁ
1437 2135 1567 2170 βασιλεὺς
1582 2135 1629 2160 καὶ
1644 2133 1714 2165 τοὺς
1732 2134 1845 2161 ὄπισθεν

1041 2186 1206 2220 ἐρχομένους
1224 2183 1346 2218 ἐγγίζειν
1366 2182 1418 2218 ἥδη
1436 2182 1573 2216 κομήτας,
1600 2180 1781 2212 ἀποστείλας
1796 2181 1844 2206 τῶν

1041 2232 1182 2267 ἠγεμάνων
1204 2230 1349 2265 ἐκκρίτους
1376 2230 1456 2259 τινὰς
1486 2229 1556 2262 μετὰ
1580 2227 1635 2253 τῶν
1667 2227 1721 2253 ὑπ’
1745 2227 1845 2257 αὐτοὺς

1041 2278 1194 2312 δυνάμεων,
1213 2275 1370 2310 ἐπέσκηψεν
1389 2273 1473 2306 αὖθις
1487 2273 1758 2308 συμὸουλεύσασθαι
1776 2273 1844 2306 αὖτῷ

1042 2325 1089 2352 καὶ
1115 2323 1328 2357 καταναγκάσαι
1352 2321 1528 2356 διαπερᾶσαι.
1553 2321 1674 2352 Τούτους
1689 2322 1719 2347 οἱ
1737 2321 1844 2348 Λατῖνοι

1043 2371 1210 2406 θεασάμενοι
1235 2370 1282 2396 καὶ
1310 2369 1377 2405 μηδὲ
1410 2368 1508 2403 μικρὸν
1526 2367 1749 2402 ἀναμείναντες,
1781 2368 1843 2401 pit:

1045 2418 1097 2453 μὴν
1123 2418 1153 2444 τὸ
1177 2417 1200 2432 ⁸³
1226 2416 1251 2442 τί
1279 2416 1313 2442 ἂν
1337 2415 1475 2451 βούλοιντο
1506 2413 1761 2448 ὲπερωτήσςιντες,
1783 2413 1843 2447 πρὶς

1043 2465 1180 2499 πολέμους
1195 2463 1242 2490 καὶ
1257 2463 1344 2498 μάχας
1360 2463 1491 2496 ἐχώρουν.
1503 2460 1627 2494 Πολέμου
1639 2459 1669 2485 δὲ
1681 2459 1842 2494 imagini}

1045 2511 1230 2546 αυρῥαγὲντος
1260 2509 1384 2544 ἰσχυροῦ,
1405 2508 1554 2534 πίπτουσιν
1574 2506 1603 2539 ἐξ
1629 2505 1776 2540 ἑκατέρου
1804 2507 1844 2539 μὲ-

1046 2564 1110 2591 ρους
1135 2554 1235 2581 ἱκανοί.
1262 2552 1469 2588 Τιτρὼπκονται
1488 2551 1516 2577 δὲ
1532 2551 1556 2576 οι
1571 2549 1618 2576 τοῦ
1637 2549 1842 2585 αὖτοκράτορηέ

1047 2601 1142 2628 ὀπόπ-οι
1170 2599 1417 2635 ἀναισχυντότερον
1431 2598 1505 2632 αὐτῷ
1525 2596 1733 2632 προσέῧαλὶον.
1757 2595 1844 2622 Ἐκῐιυσ

1056 2646 1170 2682 μότερον
1189 2646 1217 2673 δὲ
1231 2646 1334 2672 τούτων
1350 2645 1514 2680 μαχομένων
1541 2645 1579 2670 τὰ,
1591 2643 1667 2669 νῶτα
1691 2643 1721 2669 οἱ
1741 2643 1841 2670 Λατῖνοι

735 2703 838 2734 Variae
854 2704 1011 2737 lectiones
1027 2714 1064 2736 ex
1079 2705 1151 2736 cod.
1167 2703 1297 2736 Coislin.

235 2751 257 2766 ³⁵
278 2752 352 2777 Deest
370 2759 421 2779 vox
442 2753 555 2788 πολλῆς.
593 2754 615 2770 ³³
633 2753 712 2782 Deest
728 2756 825 2782 vocula
845 2755 887 2782 τό.

742 2812 811 2841 Car.
828 2811 992 2842 Dufresnii
1009 2813 1054 2843 Du
1073 2811 1183 2852 Caugii
1202 2814 1296 2842 notua.

240 2857 296 2891 (53)
316 2857 418 2891 Οὖϐος.
436 2859 465 2886 \‘i
478 2861 500 2887 ’ς
517 2861 687 2893 Gnibcrtum,
702 2861 746 2888 lib.
762 2869 792 2888 ιι.
809 2869 868 2896 cap.
894 2862 934 2889 l9.
