1858 3041
188 136 244 169 ’163
833 134 920 166 ΛΝΝΑ

1108 134 1156 164 UE
1786 129 1841 162 ’164

191 203 273 230 quam
292 194 387 230 Apollo
404 202 487 228 supra
500 194 646 222 Teucrum.
665 192 723 222 Non
741 193 786 221 hic
800 200 876 225 sane,
892 196 921 220 ut

1108 190 1214 226 ιράτωρ
1233 190 1283 221 τὰς
1299 189 1367 222 ἰδίας
1382 188 1524 224 δυνάμεις,
1545 187 1586 220 εἷς
1599 187 1688 224 φυγὴν
1704 187 1755 219 τὰς
1781 188 1841 213 τῶν

189 241 260 275 apud
286 240 433 268 Homerum
450 241 555 273 Graeci,
572 249 679 268 nervum
692 247 829 271 mammae,
853 243 922 266 costa

807 247 829 271 ε,
853 243 982 273 costwque
1036 237 1161 264 Λατίνων
1176 236 1371 273 προὺτρέψατο
1386 235 1540 270 φάλαγγας.

188 288 315 322 sagittam
361 287 490 321 aptabant
518 291 606 314 trartu
637 287 722 319 vario,
748 285 898 312 venatoria:
935 284 1066 311 duntaxat
1096 283 1235 318 specimen
1260 283 1371 311 edentes
1412 282 1497 315 artis,
1533 281 1579 308 sed
1619 281 1690 307 velut
1719 279 1841 314 quidam

187 335 330 366 Hercules,
351 334 412 361 Tela
429 333 574 360 immortali
585 333 695 361 let/talia
717 332 831 359 destinat
849 339 924 363 arcu,
944 337 1002 363 qua:
1016 329 1117 356 frustra
1134 329 1253 363 ell‘ugere
1272 329 1334 363 quis
1349 331 1457 363 speret,
1473 327 1495 354 si
1518 327 1598 362 297
1615 328 1693 354 modo
1721 327 1749 354 in
1772 334 1842 354 eum

188 381 234 409 ille
265 380 406 408 collimare
450 379 516 406 tanti
545 379 673 411 duxerit;
697 377 763 404 nihil
788 377 860 404 enim
890 375 999 410 petebat
1019 375 1155 409 quodnon
1168 379 1372 408 assequeretur,
1391 373 1455 400 nulli
1472 374 1546 400 serio
1562 373 1718 401 minabatur
1749 381 1843 408 quem

189 437 243 456 non
273 427 375 454 feriret.
403 425 495 460 Neque
518 426 569 453 hoc
594 425 645 452 ista
665 424 751 451 soluto
775 423 918 450 occasione
939 425 970 450 de
988 431 1039 459 qua
1052 423 1159 456 loquor.
1174 421 1408 449 animadversum.
1432 420 1507 449 Alias
1533 427 1560 448 et
1589 421 1664 453 alibi,
1698 428 1844 455 quaecum-

190 483 244 510 que
262 475 359 502 ludicri
375 473 544 505 certaminis,
560 476 606 499 aut
625 472 680 498 veri
699 470 783 505 przelii
799 470 875 504 copia
888 477 918 497 se
934 469 1018 501 dedit,
1037 469 1168 504 quidquid
1204 472 1252 496 aut
1285 475 1475 502 quemcunque
1510 467 1561 496 sibi
1593 475 1640 502 pro
1670 475 1757 503 scopo
1775 475 1844 502 pro-

189 521 291 555 posuit,
312 520 391 554 plane
407 518 541 554 percussit
562 517 615 544 ictu
640 516 800 543 iuevitabili.
823 515 892 548 Quid
911 523 1010 550 corpus
1038 515 1115 542 dico?
1154 513 1343 548 qualecunque
1384 514 1511 549 quamvis
1549 514 1694 545 minutum,
1740 514 1843 548 cujus-

190 575 300 601 cunque
335 566 488 593 membrum
514 569 561 592 aut
583 569 687 600 partem
714 564 796 591 ferire
842 563 1006 591 collimando
1040 567 1163 598 cuperet,
1194 563 1286 590 statim
1316 561 1427 596 displosi
1456 562 1500 590 teli
1526 562 1599 590 acies
1617 562 1727 597 ﬁgebat.
1764 563 1842 589 Ade-3

190 618 270 651 longe
294 616 400 642 Teucro
430 619 456 640 et
491 614 588 647 Ajaccs
615 620 710 640 omnes
731 612 822 639 Cresar
850 611 982 647 Bryenius
1015 612 1112 639 robore
1143 611 1272 638 tcndendi
1307 618 1405 642 arcus,
1445 615 1472 638 ct
1500 611 1641 639 celeritate
1676 611 1842 653 excutieml;

187 662 272 697 jaeuli
305 661 469 688 antecellcre
495 660 651 686 videbatur.
674 658 807 685 Caeterum
847 661 986 692 utcunque
1007 657 1068 685 talis
1081 665 1113 684 ac
1128 661 1219 684 tantus
1236 657 1262 684 in
1282 662 1339 684 arte
1349 657 1486 692 jaculantli
1501 656 1562 689 fuit,
1583 662 1674 685 tamen
1707 666 1776 686 eum
1813 665 1840 686 et

189 709 243 737 diei
276 707 369 743 religio
389 715 476 735 sacra:
521 711 548 734 et
577 706 733 733 mandatum
765 705 937 739 imperatoris
965 704 1000 731 ita
1041 705 1159 739 placavit
1197 704 1332 736 hostibus,
1366 710 1394 731 ut
1417 705 1450 732 iis
1468 707 1593 739 quamvis
1609 706 1687 733 iratis
1709 709 1739 732 et
1770 707 1842 733 mori

191 755 358 782 merentibus
374 754 467 782 volens
479 756 614 789 parceret.
639 752 671 778 Et
695 751 802 779 obstare
820 751 882 778 licet
897 750 1028 778 simulans
1044 752 1070 778 in
1087 759 1135 778 eos
1151 751 1274 786 galeatos
1296 752 1489 787 clypcatosquc
1526 760 1557 779 ac
1591 760 1621 780 se
1653 758 1710 780 toto
1745 752 1844 780 furore

191 802 370 829 admoventes
387 801 523 828 moenibus
543 807 661 834 superne
680 806 833 834 repugnans
848 797 1028 831 iacularetur,
1043 798 1195 825 voluntaria
1233 804 1322 826 tamen
1353 799 1539 826 misericordia
1575 800 1707 834 perdebat
1741 800 1842 830 ictum,

194 849 248 876 alio
264 856 345 883 quam
367 848 394 874 in
412 847 504 875 vitalia
528 848 686 881 declinans;
716 846 852 875 interdum
881 851 908 873 ct
930 846 987 873 solo
1024 846 1139 880 strepitu
1182 851 1285 874 terrere
1307 852 1462 875 contentus.
1491 847 1630 882 Expressit
1661 852 1761 875 tamen
1793 849 1842 874 im-

193 900 312 930 portuna
333 894 505 921 contumacia
528 894 704 928 quantumvis
726 894 867 928 ignoscere
890 897 986 928 parato
1006 893 1108 920 lctltale
1125 893 1223 921 vulnus
1240 894 1322 922 unius
1343 902 1358 922 e
1378 894 1483 922 Latinis
1512 895 1662 923 Thrasonis
1700 897 1842 922 amentia.

196 939 223 967 ls
260 947 313 966 non
339 945 483 968 contentus
514 940 687 968 creberrimis
715 948 797 974 quam
839 939 992 966 rectissime
1028 939 1141 967 vibratis
1174 947 1292 975 Superne
1312 941 1338 967 in
1356 941 1426 968 muri
1439 948 1539 969 corona
1552 942 1784 976 stantessagittis
1799 949 1841 969 as

197 985 276 1012 sidue
290 986 436 1020 lacessere,
454 987 536 1014 etiam
553 987 644 1022 lingua
660 987 767 1021 propria
784 986 868 1013 multa
883 985 1094 1019 vociferabatur,
1111 995 1171 1021 qua:
1182 995 1249 1014 sono
1265 988 1336 1022 ipso,
1369 987 1434 1015 licet
1459 995 1550 1015 rerum
1580 988 1751 1016 sententiam
1788 996 1839 1014 non

191 1034 347 1068 perciperes
362 1053 369 1066 .
397 1034 594 1061 contumeliose
618 1034 717 1068 jactari
749 1034 937 1068 probroseque
962 1032 987 1058 in
1008 1040 1058 1059 nos
1072 1038 1227 1067 appareret.
1246 1033 1272 1060 In
1287 1034 1359 1061 hunc
1373 1033 1412 1061 sic
1426 1034 1555 1061 meritum
1589 1034 1707 1062 intendit
1743 1042 1840 1064 arcu-

194 1079 303 1113 Cmsar;
332 1085 361 1106 at
392 1079 430 1106 illi
453 1087 501 1115 per
521 1080 644 1115 clypeum
669 1086 771 1114 perque
805 1079 918 1106 interius
945 1078 1064 1106 thoracis
1088 1079 1213 1107 adactum
1241 1080 1322 1107 telum
1363 1081 1440 1108 lateri
1460 1081 1599 1109 brachium
1621 1083 1745 1109 consuit.
1774 1082 1842 1109 Tum

192 1137 257 1156 vero
294 1129 340 1156 ille
361 1130 472 1163 quidem
513 1129 637 1164 dejectus
663 1129 745 1155 humo
777 1134 922 1162 minusque
946 1127 1066 1161 jacebal.
1090 1127 1209 1155 Vocibus
1224 1133 1252 1155 at
1284 1129 1376 1157 mixtis
1406 1130 1541 1164 perfertur
1554 1131 1580 1157 in
1600 1130 1704 1158 azthera
1719 1131 1840 1162 clamor,

192 1180 347 1202 nostrorum
359 1175 460 1202 Caesari
477 1175 694 1209 gratulantium:
730 1174 850 1201 hostium
885 1174 925 1200 sui
955 1173 1103 1201 Thrasonis
1127 1174 1203 1202 clade
1229 1182 1261 1202 ac
1284 1182 1347 1203 casu
1380 1176 1538 1205 dolentium.
1564 1176 1633 1205 Hinc
1656 1177 1715 1212 jam
1748 1183 1840 1205 coorta

195 1222 288 1256 gravis
313 1230 400 1256 pugna
425 1226 476 1253 est,
502 1222 603 1248 nostris
630 1229 684 1248 uno
701 1227 822 1255 tempore
836 1221 881 1255 qui
907 1221 1188 1256 exierantequitibus
1203 1227 1231 1248 et
1246 1222 1289 1249 his
1305 1223 1339 1249 de
1373 1231 1450 1251 muro
1481 1224 1632 1258 sagittariis
1667 1226 1693 1252 in
1732 1225 1840 1252 hostem

193 1267 371 1295 vehementer
406 1266 635 1294 incumbentibus.
661 1266 720 1298 Quo
765 1265 943 1292 nihilominus
968 1270 1106 1299 perstante
1135 1267 1263 1294 submisit
1288 1268 1320 1294 ad
1346 1273 1497 1296 extremum
1534 1270 1683 1304 imperator
1707 1270 1841 1304 proprias

194 1313 279 1347 ipsius
314 1315 427 1348 copias;
467 1321 582 1348 quarum
616 1314 733 1340 adventu
763 1312 920 1346 impetuque
944 1313 1095 1340 recentium
1139 1313 1219 1340 facile
1265 1313 1331 1342 fusae
1354 1315 1506 1355 fugataeque
1549 1315 1711 1344 Latinorum
1755 1319 1840 1352 copia

194 1359 282 1387 fuere.
798 1375 803 1378 -

233 1406 368 1434 Postridie
376 1406 452 1441 Hngo
468 1406 606 1441 profectus
621 1406 653 1434 ad
665 1406 875 1434 Gotthol‘redum
891 1412 986 1434 auctor
1003 1409 1024 1438 Β

195 1454 219 1482 ei
231 1460 394 1487 magnopere
405 1452 454 1479 fuit
463 1454 537 1486 pacis
545 1460 608 1479 cum
619 1453 779 1486 imperatore
788 1453 932 1486 faciundae,
940 1453 988 1481 de-

194 1500 335 1530 nuntians,
349 1499 489 1533 uisi,quod
502 1499 628 1533 exigebat
638 1499 694 1531 illc,
710 1499 814 1526 fidelem
826 1499 862 1526 illi
874 1507 903 1527 se
915 1499 988 1527 futu-

197 1552 258 1571 rum
269 1543 446 1578 jurejurando
455 1544 616 1578 interposito
624 1544 768 1578 spouderet
780 1544 987 1578 Gotthofredus,

195 1590 345 1625 periculum
354 1597 415 1617 esse
423 1597 543 1623 praesens
552 1597 584 1616 ne
592 1590 766 1624 eopimipsius
775 1597 788 1616 a
799 1595 928 1618 veterano
937 1592 988 1618 du-

194 1643 226 1662 ce
235 1641 378 1662 veteranas
392 1635 424 1661 ad
437 1642 544 1661 manum
564 1634 679 1661 habente
695 1635 814 1669 legiones
824 1643 921 1662 novam
938 1637 990 1664 ite-

193 1685 255 1709 rato
277 1681 382 1708 cladem
396 1683 561 1716 acciperent.
587 1680 700 1714 Accepit
714 1681 851 1708 hominem
865 1683 990 1716 asperius

193 1727 398 1759 Gotthol‘redus,
412 1727 570 1761 iudigna,ut
581 1728 703 1761 putabat,
713 1727 873 1754 suadentem
888 1727 988 1762 :Tune,

193 1773 335 1807 inquiens,
352 1778 489 1808 postquam
506 1773 578 1807 regio
597 1774 726 1800 comitatu
742 1774 886 1808 spirituque
904 1782 990 1809 egres-

193 1827 238 1845 sus
261 1819 340 1851 domo
362 1827 422 1846 cum
445 1819 527 1846 Mulis
542 1820 624 1854 copiis
637 1826 660 1846 et
677 1820 782 1855 opibus,
804 1821 832 1847 in
853 1820 989 1855 fortunam

194 1864 422 1899 canditionemque
437 1865 544 1891 Immitis
561 1865 666 1892 clientis
680 1866 795 1900 abjicere
811 1870 836 1892 te
853 1867 888 1893 ad
902 1866 990 1893 Alexii

193 1911 269 1945 pedes
282 1912 402 1946 potuisti,
418 1911 498 1937 etiam
508 1911 590 1938 audes
605 1917 732 1947 tanquam
744 1913 781 1939 rei
793 1912 930 1946 prwclarte
943 1913 990 1939 tibi

195 1958 328 1990 conscius,
340 1957 410 1984 ultro
418 1948 560 1990 provocare
571 1966 610 1985 me
621 1959 654 1985 ad
667 1959 779 1985 imitatio
786 1966 842 1985 nem
851 1959 899 1990 tui,
908 1959 991 1994 298

193 2008 218 2030 et
232 2008 285 2031 tam
305 2011 400 2038 parum
419 2009 594 2031 consentanea
615 2012 679 2032 mete
694 2005 822 2040 dignitati
839 2005 991 2033 consulere?

193 2049 243 2077 Cui
256 2049 347 2085 llugo,
365 2050 445 2085 Atqui
463 2051 578 2085 primunt
590 2051 708 2078 omnium
726 2051 873 2085 oportebat,
891 2051 990 2086 inquit,

194 2104 248 2124 non
259 2096 404 2124 excessisse
421 2104 479 2129 nos,
496 2098 568 2124 ausis
589 2097 729 2131 improbis,
746 2102 772 2124 et
789 2098 855 2124 votis
873 2106 917 2132 spe
938 2106 990 2125 non
1004 2085 1026 2115 θ

195 2142 245 2181 nisi
261 2142 344 2169 dubia
366 2142 498 2174 subnixis,
521 2143 592 2169 ultra
624 2142 690 2176 ﬁnes
715 2147 869 2170 nostrarum
897 2152 992 2170 unum-

194 2197 320 2224 quemque
333 2189 476 2221 ditionum,
488 2190 712 2224 cupiditatemque
722 2194 801 2223 atque
814 2190 940 2225 impetum
959 2192 991 2218 ab

195 2235 291 2262 alienis
317 2235 395 2262 rebus
414 2236 578 2262 abstinuisse
597 2239 734 2262 contentos
756 2237 885 2270 propriis.
911 2236 993 2263 Post-

195 2289 275 2316 quam
299 2289 358 2308 uero
376 2281 551 2317 qualicunque
571 2281 680 2308 consilio
695 2281 746 2308 huc
757 2282 807 2308 loci
819 2283 934 2316 provecti
947 2292 994 2310 su-

195 2335 265 2358 mus.
291 2328 335 2354 ubi
347 2329 404 2355 sine
419 2328 544 2355 benevola
564 2336 628 2354 cura
648 2332 673 2354 et
687 2329 850 2362 providentia
869 2330 925 2364 ejus
945 2331 991 2365 qui

195 2374 238 2400 hic
249 2375 358 2409 imperat
381 2374 448 2402 salvi
468 2383 590 2401 essenon
603 2382 759 2408 possumus,
776 2375 854 2409 plane
877 2377 900 2402 si
919 2377 992 2410 sapi-

196 2429 265 2453 mus,
279 2422 344 2448 dare
368 2421 491 2448 debemus
525 2429 643 2456 operam,
671 2422 804 2449 audiendo
824 2431 864 2456 ea,
885 2423 993 2458 ejusque

196 2467 336 2502 pastu/alis
360 2468 511 2499 minuendo,
543 2473 570 2494 ut
589 2468 674 2501 ipsum
700 2468 882 2495 demereamur
906 2471 991 2501 nobis,

197 2513 298 2548 alioqui
324 2513 423 2546 frustra
445 2513 544 2547 felicem
566 2514 665 2540 exitum
704 2522 861 2549 magnorum
896 2520 992 2548 carpto-

198 2567 258 2586 rum
281 2560 440 2593 speraturis.
465 2559 584 2587 Reverso
606 2560 716 2596 llugone
739 2569 769 2588 re
792 2561 903 2594 inlecta.
935 2570 995 2589 cer-

198 2603 250 2629 tior
263 2604 374 2630 aliunde
390 2604 476 2631 l'actus
491 2605 641 2639 imperator
653 2625 659 2637 ,
677 2605 746 2633 alios
762 2613 830 2640 quos
852 2607 878 2633 in
897 2607 994 2635 itinere

199 2649 341 2676 constabat
359 2657 418 2677 esse
429 2671 437 2684 ,
453 2657 576 2686 quosque
590 2651 787 2679 Gottbol'redus
804 2653 991 2687 exspectabat,

1073 1408 1113 1443 Τῇ
1133 1407 1161 1433 δὲ
1181 1406 1241 1441 μετ’
1255 1406 1342 1441 αὐτὴν
1357 1405 1483 1433 ἀπελθὼν
1497 1408 1512 1434 ὁ
1527 1405 1614 1439 Οὗσος
1632 1408 1690 1443 (55)
1710 1410 1838 1436 συνεϐού-

1041 1455 1103 1481 λευε
1124 1454 1163 1488 τῷ
1183 1454 1320 1488 Γοντοφρὲ
1340 1453 1379 1488 τῷ
1394 1453 1441 1480 τοῦ
1462 1453 1596 1488 βασιλέως
1623 1454 1739 1487 ὑπεῖξαι
1759 1455 1839 1490 θελή-

1043 1510 1119 1536 ματι,
1136 1502 1160 1527 εἰ
1178 1501 1215 1536 μὴ
1238 1501 1285 1527 καὶ
1299 1499 1429 1534 δευτέρας
1451 1499 1576 1534 βούλοιτο
1588 1500 1639 1535 τῆς
1655 1500 1765 1528 τούτου
1781 1504 1840 1536 περὶ

1040 1547 1075 1573 τὰ
1091 1546 1230 1580 πολεμικὰ
1245 1545 1394 1580 ἐμπειρίας
1418 1545 1516 1578 πεῖραν
1533 1544 1637 1578 λαϐεῖν,
1653 1547 1702 1572 καὶ
1726 1547 1841 1581 ὀμωμο-

1041 1594 1119 1619 κέναι
1140 1591 1266 1626 καθαρὰν
1283 1590 1376 1617 πίστιν
1393 1589 1540 1624 φυλάττειν
1557 1590 1643 1625 αὐτῷ.
1660 1590 1690 1617 Ὀ
1703 1591 1737 1617 δὲ
1759 1592 1840 1618 πολλὰ

1041 1638 1134 1665 τοῦτον
1155 1637 1353 1672 κατεμέμφετο
1366 1637 1454 1671 λέγων
1467 1645 1474 1652 ³
1490 1636 1532 1664 Σὺ
1553 1637 1592 1670 ὡς
1609 1637 1772 1671 ,βασιλεὺς
1790 1639 1840 1672 τῆς

1040 1685 1118 1717 ιδίας
1133 1684 1326 1717 ἐξεληλυθὼς
1341 1682 1438 1718 χώρας
1447 1683 1522 1718 μετὰ
1537 1683 1687 1710 τοσούτου
1701 1686 1838 1711 πλούτου

1041 1731 1091 1758 καὶ
1116 1731 1350 1765 στρατεύματος,
1374 1729 1433 1756 νῦν
1454 1729 1487 1761 ἐξ
1507 1729 1608 1763 ὕψους
1629 1730 1787 1756 τοσούτου
1803 1731 1840 1760 εἰς

1041 1777 1155 1804 δούλου
1172 1775 1260 1808 τάξιν
1274 1775 1382 1803 ἑαυτὸν
1393 1775 1586 1808 συνήλασας.
1602 1775 1675 1802 Εἶτα
1697 1776 1744 1808 ὡς
1767 1775 1837 1810 μέγα

1042 1833 1069 1851 τι
1100 1822 1294 1857 κατορθωκὼς
1311 1843 1318 1855 ,
1349 1822 1438 1857 κάμοὶ
1468 1821 1591 1848 τοιαῦτα
1616 1822 1838 1855 συμϐουλεύων

1042 1870 1137 1904 ἥκεις.
1152 1869 1182 1895 Ὀ
1195 1868 1234 1899 δὲ,
1244 1868 1354 1901 Ἐχρῆν
1363 1867 1422 1901 μὲν
1437 1865 1526 1900 ἡμᾶς,
1541 1865 1603 1900 ἔφη.
1618 1861 1653 1892 Er
1663 1865 1734 1897 ταῖς
1752 1865 1834 1895 ἰδίαις

1043 1914 1227 1950 προσμένειν
1247 1914 1365 1948 χώραις,
1384 1911 1508 1938 καὶτῶν
1532 1910 1703 1944 ἀλλοτρίων
1731 1910 1836 1944 ἀπέχε-

1043 1963 1124 1995 σθαι,
1141 1961 1205 1987 ἐπεὶ
1222 1959 1256 1986 δὲ
1270 1960 1376 1994 μέχρις
1388 1956 1445 1986 ὦδε
1465 1958 1667 1992 κατήλθομεν,
1680 1958 1804 1991 πολλῆς
1818 1959 1836 1973 ³¹

1043 2008 1098 2042 τῆς
1125 2008 1178 2035 τοῦ
1199 2006 1354 2040 ,βασιλέως
1378 2005 1559 2040 κηδεμονίας
1579 2004 1732 2038 δεόμενοι,
1751 2004 1777 2030 ει
1798 2001 1836 2036 μὴ

1043 2054 1105 2088 τοῖς
1132 2054 1226 2081 αὑτοῦ
1253 2053 1413 2086 πειθόμεθα
1432 2051 1619 2086 λόγοις,υὺκ
1646 2050 1750 2084 ἀγαθὰ
1772 2048 1836 2083 ἡμῖν

1042 2101 1244 2134 συμϐήσεται.
1267 2099 1312 2131 Ὠς
1331 2099 1360 2125 δὲ
1394 2097 1472 2125 κενὸν
1489 2097 1535 2124 τὸν
1553 2096 1638 2124 Οὗϐον
1662 2097 1774 2123 ἐκεῖθεν
1798 2096 1835 2126 ἐξ-

1042 2146 1161 2181 έπεμψε,
1176 2145 1396 2181 πληροφορηθεὶς
1411 2145 1424 2170 ὁ
1439 2143 1569 2178 βασιλεὺς
1585 2143 1632 2170 καὶ
1646 2142 1710 2173 τοὺς
1730 2142 1835 2169 ὄπισθεν

1043 2194 1208 2228 ἐρχομένους
1227 2191 1349 2226 ἐγγίζειν
1369 2191 1420 2226 ἤδη
1439 2191 1576 2225 κομήτας,
1602 2189 1775 2220 ἀποστείλας
1790 2188 1834 2213 τῶν

1043 2240 1185 2275 ἡγεμόνων
1206 2239 1352 2273 ἐκκρίτους
1379 2238 1458 2268 τινὰς
1488 2237 1557 2270 μετὰ
1583 2236 1637 2262 τῶν
1669 2235 1716 2261 ὑπ’
1741 2235 1834 2264 αὐτοὺς

1044 2286 1197 2320 δυνάμεων,
1215 2284 1372 2319 ἐπέσκηψεν
1391 2281 1475 2314 αὖθις(
1489 2281 1753 2316 συμϐουλεύσασθαι
1770 2279 1834 2313 αὖτῷ

1044 2333 1091 2360 καὶ
1117 2331 1330 2364 καταναγκάσαι
1354 2330 1530 2364 διαπερᾶσαι.
1555 2329 1674 2360 Τούτους
1690 2330 1714 2355 οἱ
1734 2329 1833 2356 Λατῖνοί

1045 2379 1212 2414 θεασάμενοι
1237 2379 1284 2404 καὶ
1312 2377 1380 2413 μηδὲ
1412 2376 1510 2411 μικρὸν
1528 2375 1744 2410 ἀναμείναντες,
1774 2375 1832 2408 μήτε

1047 2426 1099 2460 μὴν
1125 2426 1155 2451 τὸ
1179 2425 1202 2440 ⁸³
1228 2425 1253 2450 τί
1281 2424 1315 2450 ἂν
1339 2423 1477 2459 βούλοιντο
1508 2421 1754 2456 ἐπερωτήσαντες,
1775 2419 1832 2454 πρὲις

1045 2472 1182 2507 πολέμους
1197 2472 1243 2498 καὶ
1259 2471 1346 2506 μάχας
1362 2471 1493 2505 ἐχώρουν.
1505 2469 1628 2503 Πολέμου
1641 2467 1669 2494 δὲ
1683 2466 1831 2502 ἁναμεταξἈ

1046 2519 1232 2554 συρραγέντος
1262 2517 1386 2552 ἰσχυροῦ,
1407 2516 1556 2542 πίπτουσιν
1576 2514 1604 2547 ἐξ
1631 2513 1769 2548 ἑκατέρου
1795 2514 1832 2546 μὲ-

1048 2572 1111 2598 ρους
1136 2562 1237 2589 ἱκανοί.
1264 2560 1471 2596 Τιτρὼσκονται
1491 2559 1517 2585 δὲ
1534 2559 1558 2585 οἱ
1572 2558 1619 2584 τοῦ
1638 2557 1831 2592 αὐτοκράτορος

1049 2609 1144 2635 suam
1172 2607 1419 2643 ἀναισχυντότερον
1433 2606 1507 2641 αὐτῷ
1527 2604 1727 2640 προσέϐαλλον.
1750 2602 1833 2629 Ἐκῡν-

1057 2654 1171 2690 μότερον
1191 2654 1218 2681 δὲ
1232 2655 1335 2680 τούτων
1353 2653 1516 2689 μαχομένων
1543 2653 1580 2678 τὰ.
1592 2652 1666 2678 νῶτα
1691 2650 1716 2677 ol
1734 2650 1830 2677 Λατῖνοι

737 2711 839 2742 Variae
855 2711 1012 2745 lectiones
1028 2722 1065 2744 ex
1080 2713 1152 2744 cod.
1169 2711 1298 2744 Coislin.

236 2759 258 2774 ³⁵
279 2759 353 2786 Deest
371 2767 422 2787 vox
443 2761 555 2796 πολλῆς.
593 2762 616 2778 ⁵³
633 2761 714 2790 Deest
729 2764 826 2790 vocula
846 2763 888 2791 τό,

743 2820 812 2850 Car.
829 2819 993 2851 Dufresnii
1011 2821 1055 2851 Du
1074 2819 1185 2860 Cangii
1204 2823 1297 2850 notat.

240 2866 295 2900 (57))
316 2866 418 2900 Οὗὸως.
436 2868 464 2896 γε
479 2869 500 2896 'c
517 2869 688 2902 Guibcrtunt,
702 2869 746 2897 lib.
762 2878 792 2897 ll.
810 2877 869 2905 cap.
894 2871 934 2897 l‘J.
