1858 3041
209 129 264 161 799

858 133 968 163 ANN/E
987 133 1178 164 COMNENE
1791 134 1835 164 bis}

208 184 288 216 plane
304 183 419 213 snltanis
435 185 638 215 denuntiatione
654 188 750 222 ipsius,
765 189 893 215 auxilium
911 189 944 216 ab
961 197 984 216 et

1081 191 1180 226 μαχίαν
1196 191 1406 226 ἑτοιμάσασθαι.
1435 192 1525 218 Tauro
1552 192 1580 218 δὲ
1606 191 1688 218 τοῦτο
1719 192 1771 218 καὶ
1788 194 1836 222 τοῖς

209 229 286 261 cujus
301 229 396 256 fiducia
414 235 546 258 steterant
561 233 767 267 desperassent;
782 235 923 261 consilium
943 236 994 262 de-

210 274 291 308 nique
307 276 475 310 conclusere,
498 278 570 304 serio
596 279 740 305 tractanda:
769 287 829 307 cum
858 280 995 309 Butuntite

178 327 187 332 "
208 321 361 348 deditionis.
378 321 511 349 Evocatus
525 323 568 350 ille
583 324 615 350 ad
631 324 791 359 colloquium
803 326 916 352 Auream
929 327 994 361 ipsis

209 366 308 392 bullam
324 368 356 393 ad
375 368 400 394 ἱιΙ
415 368 500 401 ipsum
515 370 548 395 ab
561 369 683 404 Angusto
695 371 744 398 sibi
762 372 887 398 traditam
902 377 994 399 osten-

209 412 258 444 dit,
276 421 326 446 qua
345 415 537 447 prmnissiones
563 424 644 450 supra
669 418 776 444 modum
792 418 951 452 expetibiles
966 422 994 445 et

209 465 285 491 spem
302 459 442 487 vincentes
457 466 556 493 quanta
568 463 683 489 maxima
698 462 825 490 firmitate
840 464 995 491 sancieban-

209 508 263 529 tur.
294 503 424 531 Nimirum
451 505 599 539 imperator
623 516 673 534 non
701 509 781 536 modo
805 509 993 543 impunitatem

209 550 440 584 securitatemque
464 553 610 586 prastabat
637 554 762 581 omnibus
787 555 992 583 certissimam:

206 600 300 620 verum
317 595 397 622 etiam
415 601 442 622 et
458 598 634 630 pecuniarum
647 604 673 626 et
686 600 820 626 bonorum
836 599 993 635 largitiones

207 640 313 673 amplas
332 641 497 670 decernebat
522 644 609 671 sorori
628 649 656 672 et
682 646 758 672 uxori
777 646 902 679 sultauis,
921 655 991 681 qum.

206 689 235 711 ut
251 686 399 720 ferebatur,
425 688 476 715 filia
495 695 554 716 erat
574 690 708 718 Tzachaa:
724 699 811 726 neque
828 692 889 719 huic
904 694 992 720 solum

205 731 278 765 rrgia
296 732 443 761 liberalitas
451 735 649 768 ostentabatur,
667 737 714 763 sed
730 741 757 764 et
771 737 850 771 plane
866 738 993 766 omnibus

206 782 340 812 quotquot
367 785 446 806 erant
477 780 572 809 Nicmte
603 782 728 810 Barbarie
755 791 851 819 magna
881 785 991 819 praemia

205 824 436 857 proponcbitnlur.
452 826 498 854 llis
512 832 565 854 tam
582 829 742 861 commodis,
758 834 885 864 tantaque
900 835 992 857 aucto-

206 867 286 894 ritate
300 869 333 895 ad
350 869 429 896 fidem
445 872 786 906 munitispromissionibus
797 874 876 901 facile
888 875 991 902 assensi

203 912 357 942 Nicmenses
374 915 453 943 Turci
472 918 547 945 urbis
568 919 721 953 ingressum
738 922 897 954 permittunt
911 921 992 949 Βιιιιι-

205 959 263 984 ιηιιί
284 968 292 986 :
310 960 355 994 qui
374 962 518 990 confestim
537 963 641 992 litteras
657 965 689 992 ad
702 965 837 993 Taticium
858 968 902 994 dat
922 968 991 994 scri-

1046 236 1160 268 Κελτοῖς
1186 238 1397 272 παρασκευάσαι
1411 238 1457 264 καὶ
1475 237 1558 272 μηδὲν
1586 238 1669 264 πλέον
1683 238 1786 269 αὐτοῖς
1798 247 1835 263 τε·

1046 282 1214 318 θαρῤηκέναι
1240 284 1255 318 ἢ
1275 283 1323 317 τὴν
1339 283 1488 318 κυκλοτερῆ
1515 285 1713 319 τειχομαχίαν,
1742 284 1790 310 καὶ
1804 284 1836 314 ὡς

1045 329 1098 363 χρὴ
1115 329 1267 364 περιζῶσαι
1290 331 1323 356 τὰ
1349 329 1438 364 τείχη,
1455 329 1568 364 καὶτῆς
1590 330 1772 363 πολιορκίας,
1794 330 1835 355 ἀν-

1046 374 1167 408 ίσχοντος
1182 375 1268 409 ἡλίου.
1283 375 1497 409 ἀποπειρᾶσθαι.
1511 375 1547 401 Τὺ
1559 375 1587 401 δὲ
1602 376 1656 410 ἄρα
1667 376 1784 410 μηχανή
1800 384 1835 405 τις

1043 418 1088 456 ἦν,
1111 421 1153 447 ἶνα
1163 421 1225 456 δόξῃ
1240 422 1295 452 τοῖς
1309 421 1421 453 Κελτοῖς
1436 421 1546 456 πολέμῳ
1557 421 1675 456 ταυτηνὶ
1690 421 1748 456 τὴν
1765 421 1834 447 πόλιν

1044 467 1145 494 ἁλῶναι
1156 468 1231 502 παρὰ
1241 468 1288 494 τοῦ
1303 468 1486 503 Βουτουμίτου
1504 469 1552 494 καὶ
1569 468 1636 503 λάθῃ
1662 469 1695 494 τὺ
1723 467 1834 503 μελετη-

1045 513 1090 540 θὲν
1106 514 1181 547 παρά
1195 513 1241 540 τοῦ
1257 514 1458 549 αὐτοκράτορος
1486 514 1579 549 δρᾶμα
1606 513 1656 548 τῆς
1674 514 1835 547 προδοσίας.

1051 558 1207 595 Ἀπόρῤητα
1219 559 1274 595 γὰρ
1288 561 1346 592 τοῖς
1357 561 1469 591 Κελτοῖς
1481 561 1494 587 ὁ
1506 560 1634 594 βασιλεὺς
1647 559 1752 594 ἢθελεν
1770 558 1834 586 εἶναι

1043 605 1078 632 τὰ
1088 605 1162 640 παρὰ
1174 604 1220 631 τοῦ
1233 605 1416 640 Βουτουμίτου
1432 605 1647 640 οίκονομούμενα
1658 613 1665 620 ·
1678 606 1714 639 τῇ
1734 605 1764 631 δὲ
1784 605 1835 639 μετ’

1044 650 1128 685 αὐτὴν
1140 651 1169 677 τὸ
1193 651 1316 677 ἐνυάλιον
1335 650 1521 684 ἀλαλάξαντες
1535 651 1564 684 ἐξ
1577 651 1716 686 ἐκατέρου
1735 651 1835 685 μέρους

1043 695 1092 729 τῆς
1106 695 1210 726 πόλεως
1225 696 1330 722 ἐκεῖθεν
1344 696 1393 731 μὲν
1405 696 1448 722 διὰ
1462 696 1513 730 τῆς
1534 696 1652 732 ἠπείρου
1679 695 1834 730 ἐκθυμότε-

1044 749 1090 776 ρον
1110 741 1135 767 οί
1168 741 1266 768 Κελτοὶ
1281 741 1332 776 τῆς
1360 741 1518 776 πολιορκίας
1535 741 1640 776 εἴχοντο
1655 749 1662 756 ·
1681 740 1767 767 ἐνθεν
1794 741 1814 767 6'
1824 742 1835 767 ὸ

1043 786 1230 822 Βουτουμίτης
1253 787 1293 818 είς
1316 787 1366 818 τὰς
1381 786 1509 820 ἐπάλξεις
1533 785 1710 821 ἀνεληλυθὼς
1735 787 1786 812 καὶ
1807 786 1836 812 τὰ

1045 833 1173 867 σκῆπτρα
1199 832 1245 859 καὶ
1260 832 1308 863 τὰς
1325 832 1446 868 σημαίας
1462 832 1527 867 περὶ
1543 832 1577 859 τὰ
1594 831 1674 866 τείχη
1689 832 1835 865 καταστή-

1007 868 1028 895 B
1045 885 1093 908 σας
1109 877 1178 912 μετὰ
1203 876 1321 912 βυκίνων
1351 877 1400 904 καὶ
1415 877 1574 910 σαλπίγγων
1601 877 1764 912 ἀνευφήμει
1795 878 1836 902 τὸν

1041 923 1242 958 αὐτοκράτορα,
1259 923 1306 950 καὶ
1323 923 1409 954 οὕτως
1424 923 1454 949 τὺ
1476 922 1632 957 Ῥωμαϊκὸν
1663 922 1743 949 ᾶπαν
1760 922 1837 958 στρά-

1040 975 1129 1002 τευμα
1143 968 1209 994 εἴσω
1220 967 1340 1000 Νικαίας
1356 968 1411 1003 (90)
1429 967 1610 1003 εἰσεληλύθει.

203 1010 264 1038 ptas
277 1005 303 1031 in
323 1007 391 1034 hanc
407 1010 570 1036 sententiam
584 1020 592 1037 :
606 1011 688 1047 31E,
706 1010 830 1039 Pramum
845 1013 872 1040 in
890 1015 1010 1042 ntanibus
1025 1015 1167 1047 habemus;
1187 1015 1260 1042 nobis
1285 1015 1354 1050 quod
1385 1019 1467 1042 restat
1496 1015 1637 1042 indicenda
1655 1015 1835 1050 expedienda-

202 1058 253 1085 qtte
267 1055 397 1087 aggressio
413 1061 460 1083 est.
482 1056 549 1091 Fac,
572 1059 690 1092 inquam,
718 1066 744 1086 ut
769 1065 793 1087 et
814 1061 888 1088 Galli
903 1063 1001 1088 circum
1017 1071 1105 1089 omnes
1117 1068 1141 1089 et
1159 1068 1187 1089 tu
1198 1062 1280 1089 nihilo
1309 1063 1413 1097 segnius
1435 1062 1471 1089 ad
1486 1063 1613 1090 intuitum
1646 1063 1837 1096 experiendam

203 1106 342 1135 murosque
365 1106 566 1137 perrumpendos
585 1110 733 1141 exsurgatis
759 1109 880 1135 condicta
908 1110 988 1136 simul
1011 1113 1087 1142 hara,
1117 1119 1176 1137 crus
1201 1111 1302 1138 oriente
1336 1111 1400 1138 sole.
1430 1110 1493 1138 Haec
1519 1111 1556 1137 ita
1581 1110 1791 1138 mandabantur
1809 1115 1834 1136 ut

206 1147 317 1174 tonsilia
336 1149 507 1184 imperatoris
522 1158 546 1179 et
561 1161 621 1180 cum
635 1153 819 1182 Nicaeensibus
844 1158 989 1183 conventio
1006 1159 1031 1183 in
1059 1157 1165 1185 occulto
1193 1162 1293 1184 essent.
1333 1157 1378 1184 Sic
1406 1158 1477 1184 enim
1516 1158 1684 1189 decreverat,
1727 1158 1837 1192 suisan

204 1193 327 1226 impense
348 1202 523 1231 prmceperat,
542 1199 608 1226 dare
637 1205 743 1228 cautam
777 1209 886 1236 operam
912 1209 945 1229 ne
964 1203 1032 1237 quid
1049 1203 1109 1236 ejus
1126 1203 1165 1230 rci
1182 1203 1214 1230 ad
1232 1204 1354 1231 notitiam
1372 1203 1511 1230 Gallorum
1530 1208 1680 1231 ennmaret.
1702 1203 1837 1231 Postridie

203 1240 286 1275 igitur
299 1249 359 1268 cum
373 1241 443 1269 Galli
459 1245 523 1271 dato
539 1245 658 1281 undique
682 1250 891 1284 oppugnationis
913 1250 989 1285 signo
1002 1257 1100 1285 magno
1113 1251 1230 1278 tumultu
1247 1255 1327 1286 atque
1344 1252 1443 1286 impetu
1468 1259 1558 1279 muros
1580 1251 1703 1286 undique
1729 1259 1744 1278 a
1769 1258 1835 1279 terra

203 1292 349 1321 ιεηιθνθηιν
374 1289 548 1326 Tatieiusque
564 1300 623 1320 cum
641 1294 707 1328 ipsis
723 1305 846 1332 magnam
868 1299 985 1332 speciem
1002 1306 1145 1326 ascensum
1159 1299 1232 1326 serio
1250 1307 1299 1333 pro
1322 1307 1352 1326 se
1394 1300 1520 1327 conantis
1561 1300 1723 1326 ostenderet
1740 1309 1746 1327 :
1777 1308 1836 1329 ecce

204 1331 354 1360 Butumites
374 1334 465 1362 subito
480 1343 495 1362 e
511 1340 720 1373 propugnaculis
739 1331 818 1375 quasi
840 1331 938 1375 victor,
958 1347 985 1370 et
999 1350 1015 1370 a
1035 1351 1084 1371 sua
1113 1349 1192 1378 parte
1226 1344 1330 1372 felicius
1357 1345 1432 1371 aditu
1446 1349 1549 1372 tentato
1567 1345 1622 1372 voti
1639 1353 1767 1380 compos.
1791 1355 1835 1382 ap.

203 1378 305 1412 paruit,
323 1379 475 1414 vexillaque
490 1380 610 1410 Romana
627 1384 653 1411 in
667 1386 757 1419 pinnis
795 1388 899 1415 circum
924 1397 1063 1416 murorum
1095 1390 1190 1425 figens,
1220 1398 1286 1418 voce
1312 1391 1411 1425 ingenti
1439 1391 1612 1418 buccinarum
1656 1392 1836 1426 tubarumque

203 1431 336 1453 concentu
363 1426 453 1460 adiuta
479 1427 670 1463 imperatorem
708 1433 894 1462 acclamavit:
927 1436 1021 1470 sicque
1046 1436 1189 1464 universus
1220 1437 1359 1465 Romanus
1390 1437 1525 1464 exercitus
1559 1436 1676 1465 Nicaeam
1710 1439 1834 1466 introdu-

203 1475 264 1498 ctus
283 1477 335 1501 est.

242 1516 290 1544 llis
307 1525 338 1545 ex
351 1523 483 1548 sententia
497 1522 536 1550 sic
546 1523 683 1557 perfectis,
696 1525 847 1556 Butumites
861 1537 876 1556 a
886 1530 986 1564 duplici
1001 1531 1024 1562 C

202 1569 280 1597 atque
291 1564 342 1591 sibi
356 1573 454 1599 genere
469 1569 618 1595 cavendum
641 1571 674 1597 de
685 1577 785 1600 caetero
798 1575 902 1602 statuit.
919 1575 986 1603 Nam

202 1612 231 1635 et
251 1609 395 1638 multitudo
411 1611 507 1646 ingens
525 1619 552 1641 et
566 1614 662 1642 levitas
677 1617 880 1654 vchemensque
893 1628 988 1650 natura

205 1655 289 1686 atque
307 1654 423 1687 impetus
440 1656 577 1684 Gallorum
602 1666 726 1694 suspecta
755 1663 790 1690 illi
802 1670 876 1697 erat,
892 1674 990 1695 caven-

203 1697 323 1732 dumque
342 1699 400 1726 itleo
416 1702 528 1735 ptttabat
542 1705 612 1736 neii,
629 1705 651 1732 si
664 1713 754 1734 arcem
772 1708 988 1745 ingrederentur,

201 1750 262 1770 eam
289 1745 341 1771 sibi
374 1754 540 1781 occuparent
570 1759 578 1778 :
605 1759 704 1780 rursus
735 1761 799 1782 vero
838 1756 989 1786 Turcornm

201 1793 326 1823 satrapas
344 1792 388 1825 qni
407 1801 497 1820 secum
523 1795 591 1823 intra
616 1797 732 1826 Nicmam
750 1807 840 1833 erant,
866 1805 989 1832 animari-

202 1836 326 1863 vertebat
341 1842 369 1865 et
389 1842 463 1866 tanto
479 1847 540 1868 esse
570 1851 685 1872 numero
699 1852 726 1873 ct
749 1848 793 1874 tali
811 1849 948 1882 copiarum
961 1859 991 1879 ac

201 1880 299 1908 virium
316 1882 462 1916 instructu.
476 1890 515 1919 ut.
528 1887 550 1914 si
564 1891 645 1917 modo
660 1891 771 1923 vellent.
789 1892 870 1922 facile
886 1896 990 1924 vincire

202 1931 376 1961 mactarcque
393 1928 527 1960 [tertianos
535 1940 656 1966 possent.
671 1935 809 1965 Adversus
824 1939 875 1966 hoc
889 1945 991 1968 utrum-

202 1977 256 2013 que
282 1972 432 2004 periculum
450 1982 530 2002 uuam
548 1981 730 2007 communiter
753 1984 907 2012 cantionem
926 1994 990 2020 pro-

202 2015 270 2042 vidit
287 2019 410 2045 sumendi
433 2021 484 2048 sibi
516 2023 606 2051 claves
637 2032 721 2059 portae
738 2035 798 2062 quae
827 2034 890 2057 tunc
911 2015 989 2059 tritica

203 2062 323 2094 patebat,
350 2064 410 2092 aliis
427 2067 461 2093 ob
480 2072 579 2095 metum
606 2070 745 2100 Gallorum
759 2080 838 2102 antea
860 2077 988 2104 occlusis.

204 2107 242 2134 Eo
269 2110 349 2137 modo
367 2119 426 2139 sese
442 2114 573 2142 arbitrum
590 2116 727 2151 ingressus
743 2127 904 2155 egressnsve
921 2131 990 2157 quo-

202 2155 304 2182 rumvis
323 2156 421 2190 effecit;
437 2166 488 2193 qua
505 2168 534 2187 re
548 2162 614 2189 satis
627 2163 735 2191 interim
747 2166 879 2195 adversus
896 2155 988 2197 Gallos

1081 1527 1111 1555 '0
1136 1528 1165 1555 δὲ
1188 1528 1384 1562 Βουτουμίτης,
1397 1527 1432 1555 τὰ
1462 1527 1552 1562 πλήθη
1577 1528 1632 1554 τῶν
1660 1529 1780 1556 Κελτῶν
1794 1540 1835 1564 γι-

1038 1574 1160 1608 νώσκων,
1170 1574 1216 1600 καὶ
1224 1574 1268 1600 διὰ
1278 1573 1306 1600 τδ
1318 1573 1367 1608 τῆς
1381 1574 1493 1608 γνώμης
1501 1573 1591 1600 αὐτῶν
1603 1573 1738 1601 ἀϐέϐαιον
1751 1576 1799 1602 καὶ
1807 1577 1835 1603 τὸ

1038 1621 1089 1656 τῆς
1103 1620 1190 1656 ὁρμῆς
1202 1620 1354 1646 ἀκάθεκτον
1367 1619 1504 1650 ὑπόπτους
1521 1619 1590 1654 ἔχων
1604 1619 1710 1652 αὐτοὺς
1727 1621 1767 1656 μὴ
1780 1623 1834 1648 εἰσ-

1040 1666 1162 1697 ελθόντες
1181 1665 1258 1692 αὐτοὶ
1285 1666 1315 1691 τὸ
1329 1661 1462 1700 ’κάστρον
1489 1665 1676 1699 κατάσχωσιν,
1710 1667 1786 1701 ὁρῶν
1808 1668 1834 1693 δὲ

1041 1712 1089 1737 καὶ
1102 1711 1164 1742 τοὺς
1175 1711 1249 1742 ὲντδς
1265 1710 1408 1746 σατράπας
1424 1711 1535 1741 ἱκανοὺς
1550 1710 1630 1741 ὄντας
1645 1711 1720 1746 πρὸς
1739 1713 1773 1747 ἢν
1789 1713 1834 1738 αὖ·

1041 1758 1087 1789 τὸς
1102 1754 1174 1791 εἶχεν
1189 1756 1315 1790 δύναμιν,
1334 1756 1357 1781 εἰ
1375 1756 1455 1789 μόνον
1480 1755 1633 1789 θελήσαιεν,
1660 1757 1711 1782 καὶ
1727 1757 1833 1791 δεσμεῖν

1042 1803 1090 1828 καὶ
1104 1801 1232 1835 σφάττειν
1243 1800 1362 1832 δυνατῶς
1374 1799 1496 1834 ἔχοντας,
1514 1800 1564 1830 τὰς
1578 1799 1655 1832 κλεῖς
1670 1800 1759 1832 εὐθὺς
1773 1802 1833 1827 ἀνα-

1041 1847 1209 1882 λαμϐάνεται
1221 1846 1269 1881 τῆς
1280 1845 1379 1880 πύλης.
1391 1845 1448 1872 Μία
1460 1845 1515 1879 γὰρ
1523 1845 1591 1876 τέως
1604 1843 1639 1880 ἦν
1653 1847 1670 1881 ἡ
1683 1847 1833 1880 εἰσάγουσα

1041 1893 1089 1920 καὶ
1102 1892 1246 1925 ἐξάγουσα,
1269 1891 1325 1918 τῶν
1342 1891 1430 1917 ἄλλων
1454 1891 1721 1926 προκεκλεισμένων
1733 1894 1778 1920 διὰ
1791 1894 1832 1920 τὶν

1042 1938 1124 1972 φόϐον
1136 1937 1190 1964 τῶν
1206 1937 1418 1972 παρακειμένων
1441 1936 1562 1964 Κελτῶν.
1580 1937 1636 1969 Τὰς
1650 1938 1733 1970 κλεῖς
1748 1940 1830 1966 τοίνυν

1041 1982 1156 2017 ταυτησὶ
1170 1983 1218 2017 τῆς
1237 1981 1323 2016 πύλης
1334 1982 1415 2013 αὐτὸς
1428 1981 1509 2016 ἔχων,
1538 1982 1594 2008 δεῖν
1611 1983 1763 2016 ἐλογίσατο
1774 1985 1829 2014 τοῦς

1041 2030 1183 2064 σατράπας
1197 2030 1241 2056 διὰ
1261 2029 1401 2065 μεθοδείας
1412 2029 1576 2061 ἐλαττῶσαι,
1599 2029 1632 2056 ἵν’
1650 2030 1704 2066 ἔχῃ
1722 2032 1829 2062 τούτους

1043 2076 1141 2111 ῥᾳδίως
1153 2075 1396 2109 καταγωνίζεσθαι.
1414 2076 1452 2107 ὠς
1469 2076 1506 2111 μή
1518 2084 1544 2102 τι
1560 2075 1649 2102 δεινὸν
1670 2077 1739 2104 κατ’
1751 2078 1826 2105 αὖτοῦ

1043 2120 1232 2155 μελετήσαιεν.
1245 2120 1502 2155 Μεταπεμπόμενος
1531 2119 1621 2147 τοίνυν
1646 2121 1756 2154 αὐτοὺς
1773 2131 1828 2149 σνν-

1041 2166 1166 2193 εϐούλευε
1178 2165 1246 2201 πρὸς
1259 2166 1304 2192 τὸν
1314 2165 1503 2201 αὐτοκράτορα
1519 2166 1710 2201 ἀπέρχεσθαι,
1728 2170 1754 2195 εί
1770 2169 1824 2204 βού-

204 2201 287 2231 tutus,
300 2200 458 2229 intestinum
472 2212 486 2230 a
499 2203 596 2233 Turcis
612 2208 761 2241 periculum
775 2215 804 2237 ut
817 2212 984 2246 amoliretur,

1084 2221 1129 2238 ντο
1151 2200 1236 2238 πολλά
1249 2219 1278 2238 τε
1292 2212 1422 2247 χρήματα
1440 2200 1546 2238 ἐκεῖθεν
1568 2212 1664 2240 λαϐεῖν
1684 2215 1736 2241 καὶ
1752 2200 1827 2249 τιμῆς

202 2243 325 2271 minuere
339 2250 508 2280 satraparum
521 2257 661 2278 numerum
673 2252 724 2280 hac
734 2259 793 2281 arte
804 2256 920 2284 adorsus
937 2262 988 2285 est.

200 2287 350 2315 Accersivit
360 2290 518 2324 singillatim
535 2296 652 2323 maxime
666 2298 783 2325 audaces
800 2305 990 2337 potentesque,

200 2332 262 2366 plus
284 2333 344 2361 ideo
357 2343 498 2371 suspectos
509 2358 516 2371 ,
533 2347 751 2378 magnopereqne
781 2332 814 2371 iis
829 2351 924 2374 auctor
935 2332 989 2376 fuit

200 2377 391 2412 imperatorem
406 2384 523 2417 adirent,
538 2377 752 2423 praemiaqueab
768 2397 800 2417 eo
818 2397 922 2419 navataa
938 2394 989 2429 ipsi

199 2431 288 2456 operte
308 2429 417 2462 copiosa
433 2435 460 2457 et
483 2433 681 2466 perhonorifica
701 2443 791 2464 coram
817 2439 984 2474 acciperent.

202 2470 398 2501 Sulmstentans
415 2476 494 2504 etiam
513 2486 588 2514 spem
603 2481 738 2517 plerisque
760 2470 921 2518 impetrandi
951 2487 985 2514 ab

198 2517 318 2551 Augusto
341 2522 514 2556 magistratus
534 2532 686 2562 censusque
704 2536 809 2557 annuos
842 2539 902 2558 cum
926 2532 987 2566 jure

1038 2258 1188 2292 ἀξιωθῆναι
1206 2257 1345 2293 μεγίστης,
1361 2259 1409 2284 καὶ
1420 2257 1545 2293 ἐτησίους
1562 2259 1733 2294 τυπωθῆναι
1762 2261 1827 2295 φιλο-

1038 2304 1144 2338 τιμίας,
1160 2303 1255 2330 πείθει
1267 2304 1331 2335 τοὺς
1348 2303 1497 2338 Τούρκους,
1513 2304 1561 2330 καὶ
1570 2304 1671 2336 νυκτὸς
1687 2305 1825 2340 διανοίγων

1038 2349 1184 2376 ἀπέστελλε
1213 2348 1325 2381 τούτους
1343 2349 1388 2376 διὰ
1416 2349 1465 2384 τῆς
1492 2350 1709 2386 παρακειμένης
1735 2351 1824 2386 λίμνης

1038 2395 1144 2430 ὀλίγους
1160 2394 1208 2421 καὶ
1226 2395 1354 2429 συχνάκις
1379 2395 1447 2430 πρός
1472 2403 1501 2421 τε
1519 2395 1565 2421 τὸν
1585 2395 1760 2431 Ῥοδομηρδν
1784 2398 1824 2423 καὶ

1037 2441 1083 2468 τὸν
1095 2440 1296 2476 μιξοσάρὸαρον
1304 2441 1466 2474 Μοναστρᾶν
1475 2441 1545 2476 ἀμφὶ
1553 2442 1584 2468 τὸ
1596 2442 1739 2478 πολίχνιον
1748 2444 1824 2470 ἐνδικ-

1038 2487 1180 2521 τρίὸοντας
1197 2487 1218 2503 ¹¹
1234 2486 1280 2514 τοῦ
1305 2487 1404 2513 οὑτωσί
1419 2496 1477 2519 πως
1498 2487 1545 2514 τοῦ
1573 2489 1660 2522 κυροῦ
1686 2490 1820 2525 Γεωργίον

1039 2533 1284 2568 ἐπονομαζόμενον,
1302 2533 1459 2567 ἐπισκήψας
1473 2533 1565 2565 αὐτοῖς
1576 2533 1625 2568 ὡς,
1636 2535 1762 2570 vimvim.
1774 2537 1821 2563 τῶν

739 2586 839 2618 Variae
859 2588 1011 2621 lectiones
1027 2599 1065 2622 οι
1082 2591 1152 2622 cod.
1173 2590 1298 2622 Coislin.

235 2627 256 2643 “
273 2628 472 2664 διατρίϐοντας.

748 2691 814 2723 Car.
829 2692 986 2725 Dufresnii
1002 2695 1048 2726 Du
1058 2697 1164 2736 Cangii
1180 2682 1276 2729 notae.

237 2749 291 2780 (90)
307 2750 388 2790 εἵσω
404 2752 541 2790 limam.
557 2753 697 2790 Captaqest
719 2754 807 2783 Nicaea
822 2763 881 2790 post
904 2758 920 2784 Ἰ
937 2759 984 2786 bc-

199 2783 362 2820 bdomadum
381 2787 435 2813 et?)
450 2783 554 2815 dierum
573 2783 752 2817 obsidionem.
778 2783 890 2819 Robert.
909 2783 982 2820 Men.

200 2817 248 2846 lib.
272 2827 298 2852 ι,
329 2820 363 2847 20
383 2820 454 2849 Junii
481 2830 525 2850 an.
552 2823 636 2857 1097;
664 2825 767 2853 Albert.
798 2817 982 2862 Αᾲῗῖιιέῗιῖζ

1035 2767 1096 2822 ﬁt).
1113 2762 1163 2798 57;
1179 2762 1322 2792 Tudebod.
1342 2763 1389 2792 lib.
1409 2772 1427 2792 ll
1440 2772 1447 2798 ;
1461 2763 1524 2801 Tyr.
1541 2764 1588 2793 lib.
1605 2773 1649 2800 in,
1666 2774 1727 2802 cap.
1746 2767 1817 2798 li,et

1064 2805 1092 2822 ΙΙ.
