1858 3041
33 155 80 185 817

661 148 868 182 ALEXIADES
888 150 961 181 LIB;
974 150 1027 180 XI.

1592 148 1644 180 818

37 212 158 244 Ἀπεῖργε
175 209 197 235 δ’
211 205 292 236 αὒτόν
306 209 409 244 καίπερ
428 209 610 243 σφαδάζοντα,
630 209 645 243 ἡ
663 209 717 234 τῶν
739 217 770 235 κα

908 216 921 235 n
945 213 1082 243 utcunque
1123 207 1274 242 cupientem
1305 206 1425 235 cohibuit
1446 207 1588 234 maritimtn
1606 209 1641 233 rei

32 258 159 283 υᾶιλατταν
174 256 356 291 διακειμένων
375 256 478 283 πόλεών
495 265 524 283 τε
541 256 588 282 καὶ
605 256 702 290 χωρῶν
713 255 811 290 λεηλα-

31 304 73 329 σία
95 303 142 329 καὶ
168 302 301 337 παντελὴς
327 302 473 337 ὲρείπωσις
487 310 494 316 ·
510 302 524 328 ὀ
550 301 599 336 μὲν
621 301 677 336 γὰρ
701 301 810 336 Τζαχᾶς

29 351 75 383 τὴν
96 350 222 384 Σμύρνην
245 349 341 384 ὥσπερ
359 349 424 376 ἴδιόν
448 357 482 376 τι
500 349 583 384 λάχος
600 349 736 382 κατεῖχεν,
753 349 768 374 ὁ
782 348 810 374 δέ

31 406 60 430 γε
73 398 289 432 Ταγγριττερμῆς
311 396 481 430 καλούμενος
499 396 577 422 πόλιν
591 396 654 422 τινὰ
676 395 810 429 Ἐφεσίων

32 444 110 479 ἀγχοῦ
128 444 176 477 τῆς
191 444 326 478 θαλάττης
341 444 519 479 διακειμένην
534 444 563 470 ὲν
621 443 704 470 πάλαι
730 442 810 477 τέμε-

30 499 71 521 νος
86 490 128 515 ἐπ’
142 490 253 524 ὀνόματι
268 490 290 506 ⁸⁸
313 491 437 517 Ἰωάννου
455 480 606 517 ἀποστόλου
619 490 666 516 τοῦ
683 488 810 522 θεολόγον

31 536 127 571 ἵδρυτο.
156 536 210 562 Καὶ
240 536 319 567 ἄλλος
347 537 413 563 ἄλλα
441 536 558 571 φρούρια
585 537 640 563 τῶν
666 536 811 571 σατραπῶν

30 582 196 616 κατέχοντες,
228 582 266 614 ὡς
299 583 509 617 ἀργυρωνήτοις
544 584 600 612 τοῖς
635 582 810 617 Χριστιανοῖς

31 628 174 662 ἐκέχρηντο
197 628 305 656 ἅπαντα
320 629 486 665 ληϊζόμενοι.
507 629 588 656 Ἀλλὰ
611 629 658 655 καὶ
678 629 762 660 αὑτὰς
779 628 811 663 δὴ

31 675 76 701 τὰς
90 676 189 707 vico-1;
203 676 269 702 Χίον
284 685 313 702 τε
329 677 377 703 καὶ
399 677 500 707 Ῥόδον.
517 676 565 702 καὶ
589 677 639 707 τὰς
654 675 812 704 inﬁcit-:00:

34 722 117 751 πᾶα-ας
133 721 274 756 κατέσχον,
292 723 422 757 λῃστικὰς
437 723 542 749 ἐκεῖθεν
557 722 812 752 κατασκευάσαντες

32 767 103 799 ναῦς.
121 768 169 794 Διά
197 775 237 794 τοι
252 767 339 794 ταῦτα
356 768 411 795 δεῖν
428 768 590 802 ὲλογίσαντο
606 769 742 804 πρότερον
756 768 811 794 τῶν

31 813 94 839 κατὰ
112 813 247 840 θάλατταν
262 814 309 839 καὶ
335 814 383 839 τὸν
411 814 522 849 Τζαχᾶν
540 814 670 849 πρόνοιαν
692 815 811 849 ποιήσοι-

33 860 99 891 σθαι,
115 860 162 886 καὶ
174 860 304 894 δυνάμεις
317 860 360 886 διὰ
377 860 462 894 ξηρᾶς
483 860 622 896 ἀρκούσας
648 861 695 886 καὶ
718 860 812 888 στόλον

33 905 118 931 ἱκανὸν
143 905 324 931 καταλιπεῖν·
349 903 410 932 εἶτα
426 906 460 932 δι’
479 906 581 938 αὐτῶν,
595 906 645 938 τὰς
666 906 720 932 τῶν
742 907 811 942 Βαρ-

33 949 118 984 ϐάρων
155 949 342 984 ἁναχαιτίζειν
372 950 460 985 ὁρμὰς
488 951 535 977 καὶ
568 951 813 978 ἀντικαθίστασθαι

34 996 130 1026 αὐτοῖς,
148 993 210 1031 κᾷθ’
228 995 314 1028 οὕτως
337 997 406 1031 μετὰ
420 996 467 1023 τοῦ
489 996 584 1024 λοιποῦ
604 997 814 1033 στρατεύματος

33 1041 78 1075 τῆς
90 1042 158 1076 πρὸς
183 1041 348 1076 Ἀντιόχειαν
366 1042 504 1078 φερούσης
526 1043 656 1078 ἅψασθαι,
675 1044 745 1079 μετὰ
761 1045 814 1071 τῶν

34 1087 185 1122 ἀναμεταξὺ
200 1088 353 1123 Βαρϐάρων
381 1089 419 1120 ὡς
446 1089 507 1116 ἐνὸν
535 1090 701 1125 μαχόμενος.
723 1091 816 1118 Μετα-

33 1133 208 1167 πεμψάμενος
222 1134 310 1160 τοίνυν
332 1134 459 1169 Ἰωάννην
475 1133 520 1161 τὸν
536 1134 641 1161 Δούκαν
653 1135 701 1161 καὶ
718 1144 814 1167 γυναι-

32 1178 157 1211 κάδελᾷον
174 1178 268 1211 αὐτοῦ,
288 1179 457 1213 παραδίδωσι
473 1179 604 1214 δυνάμεις
623 1181 656 1207 ὲκ
674 1180 814 1215 διαφόρων

33 1225 239 1258 συνειλεγμένας
259 1226 367 1260 χωρῶν,
386 1227 432 1253 καὶ
448 1227 542 1253 στόλον
560 1227 728 1261 ἀποχρῶντα
745 1228 815 1262 πρὸς

32 1271 76 1305 τὴν
96 1272 151 1298 τῶν
170 1271 312 1306 παραλίων
335 1273 439 1299 πόλεων
465 1273 636 1308 πολιορκίαν,
661 1275 709 1301 καὶ
728 1275 814 1310 αὐτὴν

31 1317 56 1343 δὲ
85 1318 135 1352 τὴν
159 1318 207 1344 τοῦ
236 1318 328 1354 Τζαχᾶ
343 1319 482 1354 θυγατέρα
502 1320 718 1355 κατασχεθεϊσαν
746 1322 816 1357 μετὰ

31 1362 80 1388 τῶν
100 1362 191 1390 ἄλλων
213 1364 307 1390 ὀπόσοι
329 1364 404 1396 ἐντὸς
424 1365 474 1398 τῆς
499 1365 618 1396 Νικαίας
640 1366 702 1392 τότε
718 1366 815 1402 ἔτυχον

862 255 1020 290 proﬂigatus
1054 259 1142 282 status
1173 258 1199 281 ct
1223 254 1370 282 insularum
1396 254 1646 286 maritimarumque

862 310 971 329 orarum
990 307 1072 336 atque
1090 302 1195 329 urbium
1212 301 1363 329 miserrima
1379 301 1504 332 vastatio,
1534 306 1579 327 aut
1598 301 1644 327 dc-

863 349 977 376 structio
1007 348 1096 382 potius
1119 352 1147 375 et
1179 347 1316 375 desolatio
1346 352 1478 375 extrema.
1515 346 1645 373 Nimirum

864 397 1008 433 Smyrnam
1028 397 1150 426 Tzachas
1166 403 1195 426 ut
1211 402 1312 426 sortem
1338 402 1364 423 et
1386 395 1570 424 haereditatem
1586 402 1648 429 pro-

864 446 950 480 priam
965 446 1083 473 tenebat.
1111 445 1224 479 Quidam
1246 445 1314 472 alius
1329 443 1539 478 Tangrlpermcs
1560 441 1648 468 dictus

864 492 957 519 urbem
979 492 1121 527 quamdam
1150 491 1327 525 Ephesiorum
1346 497 1429 524 prope
1456 495 1531 516 ma-e
1555 487 1646 519 sitam.

864 539 890 565 in
914 546 967 573 qtta
997 538 1061 565 olim
1088 541 1255 565 exstructum
1267 535 1394 570 templum
1419 540 1459 562 est
1487 535 1514 561 in
1541 534 1649 561 nomine

864 585 950 613 sancti
972 583 1084 612 Joannis
1107 583 1220 619 apostoli
1244 582 1390 617 Theologi;
1413 581 1458 608 alii
1482 581 1585 608 similes
1609 580 1649 606 la-

865 631 980 658 trunculi
1016 631 1081 658 alias
1109 630 1270 665 opportunis
1299 629 1367 656 locis
1391 635 1468 655 arcos
1496 627 1649 654 invaserant

864 677 1051 712 praesidiisque
1078 676 1249 711 occupabant
1277 685 1284 703 :
1309 683 1324 703 e
1351 675 1450 710 quibus
1476 678 1649 707 erumpentes

864 725 962 752 infesta
984 725 1036 750 late
1055 723 1191 751 habebant
1205 722 1306 754 omnia,
1323 720 1486 748 Christianis
1508 728 1575 755 quos
1596 727 1651 746 ma-

867 778 920 805 gno
936 770 1109 806 captivabant
1123 777 1235 797 numero
1253 769 1278 796 in
1295 769 1452 796 vilissimam
1470 772 1495 794 et
1518 773 1651 794 aerumno-

865 819 1001 846 sissimam
1019 818 1175 845 servitutem
1201 816 1398 852 mancipandis.
1423 815 1474 843 Sed
1501 820 1528 842 et
1548 815 1650 841 insulas

829 875 850 903 Β
864 865 973 898 Chium,
992 865 1117 893 Rhodum
1135 872 1166 892 ac
1184 864 1326 899 plerasque
1348 867 1463 890 cmtcras
1483 861 1649 890 insederant,

865 920 966 948 easque
983 918 1039 940 tum
1060 919 1109 947 pro
1125 911 1266 938 navalibus
1293 910 1438 941 habebant,
1455 908 1499 935 ubi
1523 907 1651 942 piratiras

865 960 1032 987 :edilicarent
1049 958 1160 989 classes.
1177 960 1234 984 tum
1259 964 1308 991 pro
1333 955 1396 982 tutis
1416 953 1594 988 receptaculis
1620 960 1650 979 ar

866 1006 997 1039 portubus
1024 1005 1050 1031 in
1076 1003 1174 1038 quibus
1206 1003 1324 1037 praedam
1358 1001 1447 1028 onusti
1473 1000 1649 1034 deponerent.

866 1052 986 1079 Primum
1004 1051 1085 1085 igitur
1099 1049 1219 1076 omnium
1247 1048 1401 1076 faciendum
1432 1046 1483 1074 sibi
1513 1047 1652 1080 Augustus

866 1096 959 1124 statuit
988 1101 1017 1122 ιιι
1048 1100 1076 1122 et
1103 1094 1170 1121 mari
1212 1094 1327 1121 classem
1369 1093 1519 1126 imponeret
1557 1091 1652 1118 idonee

867 1144 1027 1170 instructam
1056 1141 1089 1168 ad
1116 1140 1296 1168 coercendum
1328 1139 1476 1169 Tzacham,
1503 1142 1530 1164 et
1564 1136 1651 1164 conti-

867 1189 968 1220 nentis.
993 1196 1046 1223 qua
1071 1195 1146 1214 mare
1178 1186 1297 1220 respicit,
1330 1183 1505 1218 disponendis
1533 1190 1580 1216 per
1609 1183 1652 1209 lit-

867 1235 979 1262 toralem
1011 1241 1086 1260 oram
1127 1239 1178 1266 qtta
1218 1230 1391 1258 terrestribus
1425 1237 1477 1263 qua
1513 1227 1652 1254 navalibus

867 1281 999 1315 praesidiis
1027 1280 1116 1307 tutela)
1135 1278 1300 1312 provideret,
1330 1284 1381 1302 non
1411 1276 1496 1302 solum
1522 1279 1652 1308 quantum

867 1333 925 1354 erat
950 1333 1016 1360 opus
1040 1325 1072 1352 ad
1101 1324 1286 1359 reprimendas
1319 1321 1486 1348 incursiones
1518 1320 1651 1347 Barbaro-

868 1379 944 1402 rum.
972 1371 1053 1406 322
1084 1377 1177 1397 verum
1203 1369 1239 1395 ita
1269 1372 1297 1394 ut
1323 1367 1356 1394 ad
1384 1367 1455 1400 ipsos
1479 1372 1602 1401 quoque,
1628 1364 1650 1391 si

32 1408 184 1444 ἐπισκήψας
205 1409 414 1445 διακηρυκεύειν
441 1410 490 1445 μὲν
512 1411 653 1447 πανταχοῦ
685 1412 734 1448 τὴν
766 1414 816 1449 τῆς

32 1454 144 1486 Νικαίας
171 1455 291 1482 ἆλωσιν-
310 1457 334 1483 εί
360 1456 389 1483 δὲ
420 1457 457 1493 μὴ
479 1459 654 1487 πιστεύοιντο
679 1460 712 1493 ",
730 1461 764 1486 αὑ

923 1468 962 1491 tra
986 1470 1032 1489 eos
1043 1461 1130 1496 cepte
1149 1460 1311 1488 suliicereut.
1335 1458 1382 1486 llis
1396 1459 1437 1485 ubi
1456 1456 1540 1492 magis
1555 1462 1652 1492 urgen-

32 1501 78 1537 τὴν
91 1502 137 1528 τοῦ
154 1502 250 1537 Τζαχᾶ
266 1502 404 1539 θυγατέρα
418 1504 610 1532 ὑποδεικνύναι
631 1508 688 1538 τοῖς
717 1515 765 1534 σατ

920 1518 940 1537 ts
970 1509 1147 1537 satisfecisset
1173 1507 1245 1534 euris
1269 1506 1400 1540 reliquum
1426 1510 1544 1536 omnem,
1573 1509 1653 1537 qnam

32 1557 91 1580 παις
118 1549 174 1576 τῶν
202 1549 333 1584 Τούρκων
357 1551 404 1577 καὶ
433 1552 490 1583 τοῖς
523 1552 558 1578 τὰ
583 1553 649 1588 περὶ
677 1553 762 1581 θάλατ

921 1564 963 1584 ere
999 1553 1249 1582 numerosissimum
1291 1555 1399 1587 posset,
1443 1550 1555 1576 ductare
1597 1549 1654 1582 ipse

33 1597 188 1629 νεμομένοις
205 1596 377 1632 Βαρῦάροις,
394 1597 431 1628 ὡς
447 1597 480 1624 ἂν
496 1598 521 1624 οἱ
542 1600 591 1631 τὰς
616 1600 665 1636 ἥδη
683 1601 762 1636 ρηθεί

919 1607 1002 1636 {ustus
1022 1607 1141 1635 praesens
1161 1598 1310 1626 exercitum
1333 1597 1490 1624 decreverat
1516 1594 1652 1629 suppetias

33 1641 119 1672 πὸλεις
142 1642 319 1677 κατέχοντες,
346 1643 466 1678 ὁρῶντες
488 1644 592 1680 ταύτην
614 1646 662 1672 καὶ
687 1646 766 1681 βεσαι

920 1648 986 1675 assis
1014 1646 1163 1673 Antiochia:
1188 1643 1301 1674 Latinis.
1332 1649 1393 1669 cum
1421 1647 1507 1674 eoque
1533 1646 1653 1674 pugnare

34 1696 104 1722 μενοι
120 1689 172 1723 τὴν
188 1689 240 1722 τῆς
255 1689 373 1721 Νικαίας
390 1690 503 1723 ἅλωσιν,
514 1691 679 1725 ἀπογνόντες
691 1693 767 1727 ἀμαχ

920 1700 930 1719 s
962 1691 1065 1717 viribus
1100 1690 1231 1716 adversus
1267 1687 1402 1713 Barbaros
1436 1685 1481 1719 qtti
1519 1691 1565 1711 eos
1600 1681 1653 1709 illic

33 1734 176 1768 παραδοῖεν
198 1735 249 1767 τὰς
265 1735 367 1767 πόλεις.
388 1736 551 1770 Ἐφοδιάσας
574 1737 620 1764 οὖν
649 1738 749 1770 ἱκανῶς

922 1737 1068 1771 ttgnabaut.
1091 1734 1152 1762 llaec
1185 1733 1267 1760 animi
1295 1731 1419 1759 consulta
1454 1737 1507 1765 quo
1537 1729 1564 1756 in
1596 1735 1654 1755 rem

33 1781 164 1807 παντοίων
177 1781 224 1807 τὸν
248 1781 373 1818 Ἰωάννην
391 1783 542 1817 ἐκπέμπει.

923 1783 1006 1810 ferret
1036 1781 1155 1809 accersit
1182 1779 1313 1807 Joannem
1346 1777 1446 1805 Ducam
1475 1776 1567 1804 uxoris
1600 1781 1655 1804 sua:

33 1828 150 1861 fratrem,
176 1831 253 1864 eique
270 1830 348 1857 tradit
365 1831 457 1864 copias
481 1838 514 1858 ex
543 1831 657 1858 diversis
680 1830 810 1858 collectas
830 1829 997 1864 regionibus,
1012 1828 1182 1860 classemque
1193 1824 1261 1853 satis
1286 1823 1403 1850 validam
1433 1822 1466 1849 ad
1497 1828 1654 1857 oppugnan-

33 1876 76 1903 das
92 1877 224 1904 littorales
237 1884 314 1904 arces
329 1884 388 1911 qua:
421 1885 435 1903 a
459 1877 554 1911 piratis
595 1877 750 1905 istiusmOu.
778 1876 949 1904 .enebantur.
985 1874 1062 1902 Dedit
1077 1873 1160 1900 etiam
1177 1871 1258 1898 ﬁliam
1274 1869 1388 1897 Tzachze
1404 1876 1489 1903 nuper
1519 1875 1580 1896 cum
1595 1867 1655 1895 aliis

32 1930 46 1949 e
61 1923 200 1957 principali
216 1922 367 1950 Turcorum
384 1922 486 1950 familia
497 1923 543 1957 qui
568 1922 665 1950 Nictna:
686 1926 748 1949 sunt
771 1921 882 1956 reperti,
898 1920 1041 1949 occasione
1065 1917 1210 1946 deditionis
1229 1916 1349 1943 civitatis
1373 1914 1432 1949 ejus
1459 1913 1514 1941 illic
1536 1918 1654 1948 captam.

33 1967 104 1994 Dedit
121 1973 210 1994 autem
224 1975 282 1994 eam
298 1967 324 1995 itt
344 1975 421 1995 usum
436 1968 624 1999 conﬁrmandi,
651 1968 808 1995 ostensione
834 1967 929 2001 puellae
945 1966 1034 1998 istius,
1067 1971 1148 1999 qttam
1177 1962 1279 1990 servari
1308 1961 1377 1996 :Ipttd
1402 1959 1518 1987 Nicatam
1561 1963 1655 1987 notum

32 2018 87 2041 erat
111 2014 219 2046 Turcis,
245 2015 362 2042 nondum
389 2015 457 2043 satis
476 2015 580 2050 vulgati
609 2015 697 2041 nuntii
727 2018 889 2049 expugnatae
919 2013 1026 2040 Nicaeae.
1058 2012 1145 2044 Quem
1176 2009 1284 2044 quidem
1306 2008 1359 2035 late
1385 2007 1476 2042 spargi
1510 2013 1524 2033 a
1550 2005 1655 2033 Joanne

33 2059 175 2086 mandabat
194 2060 362 2094 imperator:
378 2065 406 2087 et
429 2061 559 2094 satrapis,
577 2061 694 2096 aliisque
717 2061 813 2096 piratis
834 2059 974 2091 Barbaris,
991 2058 1012 2085 si
1030 2064 1099 2092 quos
1113 2057 1147 2083 ad
1167 2059 1270 2082 tantam
1301 2061 1356 2081 rem
1391 2053 1554 2080 credendam
1580 2051 1656 2078 inve-

32 2106 99 2132 niret
115 2106 276 2138 duros.tale
292 2107 427 2141 captivum
463 2112 545 2142 caput
565 2107 593 2134 in
627 2107 689 2134 fidei
712 2111 902 2142 argumentum
946 2103 1118 2132 ineluctabile
1155 2101 1311 2129 monstrari.
1343 2099 1407 2126 lude
1434 2099 1506 2125 enim
1533 2097 1655 2125 futurum

33 2151 158 2185 sperabat
182 2157 217 2188 ut
235 2151 303 2180 certi
331 2150 378 2178 tali
406 2151 562 2179 testimonio
580 2159 613 2180 ac
641 2153 754 2187 pignore
780 2152 815 2180 de
831 2152 918 2178 Nicaea
954 2151 1044 2178 dedita
1061 2149 1182 2177 latrones
1200 2146 1293 2180 Turci,
1311 2147 1393 2173 rebus
1407 2144 1463 2179 jam
1495 2144 1552 2172 suis
1588 2143 1656 2170 diﬂi-

33 2199 136 2230 dentes,
156 2205 224 2232 quas
249 2197 409 2225 obtinebant
434 2205 511 2226 arces
532 2206 580 2233 pro
595 2199 648 2226 vita
669 2205 695 2226 et
719 2206 815 2227 securo
831 2199 905 2226 abitu
920 2197 1063 2224 incruenta
1078 2194 1278 2229 compositione
1299 2191 1512 2227 paciscerentur.

71 2244 176 2271 Ὁπόσα
198 2243 227 2269 δὲ
250 2243 321 2270 κατὰ
344 2243 391 2269 τοῦ
405 2243 501 2278 Τζαχᾶ
516 2244 634 2279 τρόπαια
647 2241 724 2276 οὗτος
738 2244 803 2279 ὲστή

926 2249 968 2269 am
982 2241 1109 2274 deinceps
1130 2239 1283 2266 faciendum
1308 2237 1373 2264 Inibi
1401 2240 1444 2264 est
1461 2239 1490 2262 ut
1514 2242 1581 2269 quas
1602 2234 1656 2261 isto

869 1426 912 1445 res
944 1416 1048 1449 ferret,
1085 1415 1254 1442 lacessendos
1293 1413 1520 1445 debellaudosque
1563 1410 1652 1438 missa:

34 2299 97 2317 σατο
113 2290 164 2316 καὶ
185 2290 259 2321 ὅπως
282 2289 377 2316 τοῦτον
406 2289 512 2315 ἐκεῖθεν
536 2290 661 2324 ἀπήλασε
682 2289 787 2325 προιὼν
803 2291 816 2316 ὁ

32 2337 108 2370 λόγος
138 2335 296 2370 δηλώσειεν.
332 2335 362 2361 ’0
390 2335 441 2370 μὲν
474 2344 522 2362 ουν
544 2335 612 2369 Δονξ
639 2336 687 2363 καὶ
708 2335 779 2367 θεῖος
803 2337 817 2362 ὁ

32 2382 94 2416 ἐμὸς
110 2382 145 2414 ⁵³,
158 2382 227 2416 πρὸς
244 2381 347 2416 μητρὸς
361 2380 401 2415 τῷ
419 2380 526 2414 βασιλεῖ
546 2381 747 2415 συνταξάμενος
767 2383 816 2417 τῆς

35 2427 258 2463 μεγαλουπόλεως
273 2427 367 2460 ἔξεισι,
382 2428 428 2454 καὶ
447 2427 618 2461 διαπεράσας
633 2428 682 2462 τήν
699 2427 815 2454 Ἄϐυδον

36 2474 284 2509 μεταπεμψάμενος
299 2474 345 2500 τὸν
371 2473 540 2508 καλούμενον
564 2474 703 2501 Κάσπακα
719 2474 768 2509 τήν
785 2482 815 2500 τε

32 2520 78 2546 τοῦ
110 2520 204 2546 στόλου
228 2520 353 2552 ἐξουσίαν
380 2520 428 2546 καὶ
455 2519 504 2555 τὴν
532 2519 580 2546 τοῦ
608 2520 690 2551 πλοὸς
707 2520 818 2547 ἃπασαν

33 2565 189 2600 οἰκονομίαν
204 2564 278 2600 αὐτῷ
293 2564 414 2596 ἀνέθετο,
430 2565 617 2599 ὑποσχόμενος
634 2565 672 2597 ὡς
684 2566 708 2591 εί
727 2565 818 2597 καλῶς

33 2611 193 2645 ἀγωνίσοιτο
208 2611 328 2646 ὁπηνίκα
350 2611 472 2647 συμῆαίη
497 2611 546 2646 τὴν
563 2610 691 2646 Σμύρνην
713 2611 817 2638 ἁλῶναι

33 2658 156 2693 ἡγεμόνα
183 2657 278 2684 τοῦτον
307 2658 390 2693 αὐτῆς
414 2667 443 2685 τε
469 2657 519 2692 τῆς
539 2657 676 2693 Σμύρνης,
697 2658 743 2685 καὶ
763 2657 819 2685 τῶν

33 2704 207 2738 ὁμορούντων
223 2703 333 2730 πάντων
359 2704 427 2739 αὐτῇ
457 2704 639 2738 καταστῆσαι.
661 2703 817 2738 Ἐκπέμπει

32 2750 121 2776 τοίνυν
134 2749 215 2776 αὐτὸν
230 2749 386 2776 διαπόντιον
400 2749 643 2785 Θαλασσοκράτορα
656 2748 702 2775 τοῦ
720 2748 814 2776 στόλου

871 2288 942 2316 bello
963 2288 1090 2314 victorias
1100 2285 1219 2312 Joannes
1241 2284 1327 2310 Ducas
1346 2281 1495 2317 reportavit
1521 2280 1571 2307 hoc
1589 2280 1656 2314 _loeo

871 2341 1028 2362 memorem.
1048 2332 1072 2359 ιε
1089 2332 1153 2363 dux,
1170 2330 1320 2357 avunculus
1336 2336 1421 2361 meus,
1437 2328 1477 2355 sic
1497 2328 1653 2358 instructus,

870 2381 909 2408 uti
923 2380 990 2412 dixi,
1009 2379 1068 2406 vale
1080 2377 1238 2413 imperatori
1255 2376 1338 2408 dicto,
1357 2383 1372 2403 e
1388 2381 1484 2408 magna
1506 2375 1571 2401 urbe
1588 2377 1656 2408 prov

871 2425 1005 2457 ﬂcisceus.
1032 2432 1092 2451 cum
1120 2423 1271 2458 traiecisset
1297 2422 1323 2448 iu
1358 2420 1501 2456 Abydum,
1525 2418 1656 2446 accersito

870 2472 994 2506 Caspaci,
1021 2470 1116 2498 classis
1137 2470 1324 2503 praefecturam
1346 2473 1494 2500 curamque
1518 2472 1654 2493 commen-

868 2518 960 2551 davit;
977 2517 1112 2552 promisso
1130 2516 1166 2548 ei,
1187 2515 1209 2542 si
1227 2518 1354 2542 navasset
1369 2513 1420 2540 ista
1439 2513 1465 2539 in
1491 2519 1521 2540 re
1531 2520 1652 2547 cperant.

869 2564 1023 2599 principatu
1053 2562 1172 2590 civitatis
1198 2561 1338 2596 Smyrnae,
1366 2559 1654 2592 conterminarnunpte

870 2610 1021 2644 regionum,
1037 2609 1082 2636 ubi
1099 2616 1130 2635 ea
1146 2615 1193 2643 per
1207 2614 1253 2635 eos
1267 2611 1346 2641 capta
1358 2605 1528 2640 imperioque
1550 2603 1654 2631 reddita

869 2657 965 2684 civitas
991 2655 1070 2683 foret.
1086 2654 1153 2682 Cum
1182 2655 1233 2681 hac
1262 2661 1310 2688 spe
1337 2660 1369 2678 ac
1397 2652 1525 2678 mandato
1550 2650 1654 2684 Caspax

870 2703 983 2730 classem
998 2701 1080 2728 solvit
1096 2700 1240 2736 Smyrnam
1263 2706 1369 2729 versus,
1384 2697 1488 2725 Jomne
1512 2699 1656 2723 terrcSIres

869 2749 960 2784 copias
975 2756 1023 2783 per
1042 2747 1224 2774 continentem
1237 2745 1331 2785 eodem
1349 2751 1397 2779 per
1411 2751 1440 2771 se
1453 2743 1589 2770 ductante.
1601 2740 1656 2769 Nec

571 2817 670 2848 Variae
693 2816 850 2848 lectiones
871 2826 913 2848 ex
933 2817 1003 2849 cod.
1022 2816 1139 2848 Coisliu

82 2879 103 2894 "
123 2879 226 2907 Desunt
245 2887 326 2908 voces
342 2881 385 2908 ἐπ’
403 2880 526 2910 ὀνόματι.
566 2881 587 2897 ⁸¹
602 2880 766 2907 πιστεύοιτο.

808 2881 831 2896 "
845 2879 939 2910 οὑμός.
