1858 3041
17 119 82 151 889
689 124 750 152 ΛΗ

689 123 893 152 ALEXIADIS
914 123 988 157 LIB.
1005 123 1073 154 ΧΠ.

17 186 117 211 vaga.
165 177 243 204 Ἀλλ’
272 177 365 212 ἐπειδὴ
393 177 426 204 τὰ
453 178 568 212 μὲν-τῆς
595 179 750 213 συμπλοκῆς

805 181 841 206 ῶν
857 183 878 210 Α
929 181 981 213 Qui
998 181 1105 207 rabidos
1118 185 1217 206 sancta:
1231 179 1319 206 dentes
1335 179 1435 206 illidere
1449 179 1538 213 Γαίου),

17 222 206 258 Βιρόάρων
229 223 337 256 ἔμελλε,
371 224 438 258 πρὸς
459 224 487 250 δὲ
511 224 689 259 παρασκευὴν
719 225 750 250 τᾶ

928 227 961 253 Et
979 226 1111 253 maculam
1125 226 1197 259 puris
1211 225 1330 260 aﬂingere
1346 225 1462 252 moribus
1478 227 1580 253 ardent.

21 269 219 302 συμπλοκῆς
239 270 252 294 6
267 268 395 303 βασιλεὺς
405 269 529 303 ἀφεώρα,
545 270 592 295 καὶ
611 270 645 296 τὰ
664 270 713 304 μὲν
728 271 754 297 ἀι

946 273 978 299 tle
993 271 1102 299 Homeri
1120 271 1193 299 Musa
1204 291 1212 303 ,
1232 272 1354 306 apprime
1368 276 1452 305 pertta
1471 271 1679 299 consuetudinis

19 313 142 340 σασθαι
159 314 222 339 τῶν
241 314 382 349 φρουρῖων
397 315 497 340 σκοπὸν
511 312 578 349 εἷχε,
598 314 632 342 τὰ
642 315 670 341 δὲ
685 324 751 342 κατο

946 326 1018 346 naua;
1038 318 1173 353 ingenium
1196 325 1255 345 esse
1287 317 1483 351 plurimorum,
1509 318 1616 344 cecinit.
1641 316 1679 345 Ne

21 368 86 391 σαι,
102 360 165 385 καὶ
187 361 255 391 bim;
269 359 351 386 εὒοξα
365 360 456 386 πάντα.
471 361 504 386 τὰ
520 361 590 387 κατά
606 361 654 387 τοῦ
672 361 754 395 Βαῖμι

945 372 976 391 ttr
1010 363 1250 391 comminiscuntur
1279 370 1346 390 neve
1375 362 1575 390 calumnientur
1607 363 1678 390 aliud

20 406 280 439 καταστήσασθαι
294 405 418 438 ἔσπευδε,
429 406 632 441 συνεξυπήγετο
640 407 689 433 καὶ
700 407 750 442 τὴν

946 409 1047 443 ρὶεοεθε
1072 413 1100 436 et
1124 408 1248 436 maledici
1265 408 1389 435 homines
1405 407 1438 434 de
1454 408 1543 435 causis
1558 415 1679 435 commo-

21 451 37 476 λ
53 450 92 476 δα
111 450 152 477 τὸ
181 451 234 486 μέν
248 459 289 477 τοι
304 451 350 477 καὶ
365 450 464 478 ἑαυτοῦ
477 451 570 484 ἕνεκα,
586 453 634 479 καὶ
648 452 681 479 δι’
696 452 728 483 ἃς
753 466 754 475 ι

946 455 1008 483 ouis
1031 462 1097 482 meas
1114 453 1207 481 matris
1231 454 1257 480 in
1283 454 1381 481 castris
1398 459 1426 481 et
1442 454 1548 481 itineris
1567 454 1628 489 ejus
1648 462 1679 481 ac

20 498 225 531 εἰρήκειμεν,
248 497 278 523 τὸ
287 497 316 523 δέ
333 506 359 524 τι
382 498 430 524 καὶ
445 498 474 523 ιν
493 497 516 514 ⁸⁸
537 498 670 533 ἀκινδύνῳ
695 498 750 525 τῶν

946 500 1067 528 lectionis
1095 507 1148 534 qua
1179 506 1208 526 se
1239 499 1365 526 comitem
1392 499 1572 534 expeditionis
1599 499 1677 527 istius

22 551 43 576 γ
48 543 161 577 μάτων
184 543 224 570 ἔτι
236 542 444 578 καθεστηκότων
454 545 502 570 καὶ.
518 544 601 579 μήπω
613 544 708 579 καιροῦ
721 553 755 570 πο

950 553 975 572 m
992 545 1071 572 tnodo
1088 544 1254 578 descriptum
1273 544 1342 571 imus
1366 552 1381 571 a
1402 549 1479 578 patre
1501 537 1562 572 meo
1585 545 1681 572 adver-

21 588 296 624 διτιδεδημηκότος.
323 588 527 623 ’Δνειλαὸομένη
559 589 650 616 τοίνυν
675 589 754 615 ὀπόπ

953 589 1130 617 Baimundutu
1146 594 1287 624 suscepta,
1312 589 1384 617 dedit
1401 590 1499 624 partim
1516 589 1600 617 invita
1617 597 1679 625 par-

1626 123 1680 156 890

24 634 147 668 χρυσοῦ
182 635 230 661 καὶ
258 634 344 669 ἄλλης
371 635 513 670 ποιότητος
544 637 650 671 προσῆν
683 636 753 671 αὐτῇ
794 635 843 670 χάι

25 689 136 714 ριγμει
174 681 225 707 καὶ
255 680 339 714 ἕτερά
366 689 427 707 τινα
444 681 497 706 τῶν
513 681 664 717 χρημάτων
685 681 770 713 ἔξεισι
792 681 842 716 τῆς

27 726 164 757 πόλεως,
187 725 301 752 καὶτοῦ
327 726 423 752 λοιποῦ
452 728 482 753 ὲν
497 727 535 760 τῷ
563 726 663 754 διιέναι
691 728 741 759 τὰς
767 727 844 759 ὀδοὺς

30 772 109 798 πᾶσι
143 773 210 804 τοῖς
237 773 365 804 ὲπαίταις
398 773 445 799 καὶ
476 774 532 803 τοῖς
561 773 764 809 σισυροφόροις,
794 774 843 800 καὶ

30 819 166 852 γυμνοῖς
185 817 286 852 δαψιλῆ
321 819 370 852 τὴν
390 819 469 853 χεῖρα
493 819 619 854 παριτχε.
649 820 703 845 Καὶ
724 819 811 851 οὐδεὶς
828 820 842 846 6

30 864 240 898 οἰτησάμενος
267 865 314 891 καὶ
343 865 421 895 usue;
451 865 587 894 ἀπελθών.

31 911 182 944 ἰπιτιταγ
188 910 272 946 μένην
282 911 385 946 σκηνὴν
401 911 573 947 κατειλήφει.
584 911 614 938 οὺ
624 912 690 947 πρὸς
702 911 842 947 ῥᾳστώνην

31 956 123 987 εᾷοὺς
137 956 293 983 ἀπέκλινεν
308 956 375 982 εἵσω
390 956 493 991 ταύτης
508 958 647 992 γεγονυῖα,
661 957 730 984 ἀλλὰ
742 957 844 984 diversa

33 1002 167 1029 ταννῦτα
193 1003 306 1038 ταύτην,
341 1003 438 1030 ἄνετον
458 1005 515 1034 τοῖς
533 1004 638 1030 αἰτοῦσι
659 1005 778 1039 παρεῖχε
792 1003 842 1039 τὴν

32 1049 170 1076 εἴσοδον·
188 1050 244 1082 τοῖς
283 1049 416 1081 τοιούτοις
432 1049 487 1085 γὰρ
502 1050 549 1077 κα)⁸
578 1050 652 1086 μάλα
681 1051 843 1086 εὐπρόσιτος

32 1093 69 1129 ἢν
86 1095 141 1121 καὶ
161 1095 298 1130 παρεῖχεν
320 1095 423 1129 ἑαυτὴν
442 1096 560 1131 ὁρᾶσθαι
572 1104 602 1122 τε
621 1096 668 1122 καὶ
681 1095 841 1122 ἀκούεσθαι.

37 1141 76 1167 Οὐ
93 1141 256 1176 χρημάτων
266 1141 295 1167 δὲ
311 1141 451 1176 μετεδίδου
473 1143 531 1173 τοϊς
548 1142 648 1176 πένησι
664 1141 757 1177 μόνον,
772 1141 843 1168 ἀλλὰ

36 1187 88 1212 καὶ
101 1187 142 1212 τὰ
161 1185 253 1221 λῲονα
270 1186 466 1213 συνεϐούλευε·
487 1188 535 1214 καὶ
552 1187 671 1219 ὁπόσους
685 1188 735 1222 μὲν
754 1187 842 1223 εὐρώ-

38 1241 123 1263 στους
155 1233 192 1259 τᾶ
222 1232 337 1268 σώματα
365 1234 501 1268 κατενόει,
519 1233 648 1270 ῥᾳθύμως
669 1235 698 1262 δι
713 1235 778 1269 περὶ
794 1235 842 1262 τὸν

37 1278 98 1312 βίον
115 1278 245 1312 ἔχοντας,
255 1279 322 1315 πρὸς
335 1279 404 1314 ιργα
418 1280 466 1307 καὶ
476 1279 589 1316 πράξεις
599 1280 798 1316 προύτρὲπετο.
809 1281 842 1308 ἵν’

36 1322 172 1348 ivre-305v
192 1323 226 1349 τὰ
241 1323 309 1357 πρὸς
327 1324 423 1359 χρείαν
438 1325 606 1359 κομίζοιντο,
622 1326 670 1352 καὶ
686 1326 723 1361 μὴ
746 1325 781 1353 δι’
809 1326 844 1353 ἁ·

38 1367 157 1401 μέλειαν
180 1368 413 1402 ἁναπεπτωκότας
423 1370 509 1405 θύραν
526 1371 557 1396 lx
566 1370 650 1406 θύρας
663 1371 843 1404 ἐπαιτοῦντας

42 1420 75 1436 πε
83 1414 234 1446 ρινοστειν.
246 1414 348 1449 Καιρδς
361 1415 390 1441 δὲ
404 1415 494 1447 οὐδεὶς
506 1416 554 1450 τῆς
566 1417 697 1452 τοιαύτης
709 1418 843 1454 ἐργασίας

37 1459 162 1493 ἀπεῖργε
177 1461 229 1495 τὴν
240 1461 375 1495 βασιλίδα.
393 1462 422 1488 '0
433 1462 483 1497 μὲν
495 1460 542 1489 οὖν
554 1462 637 1490 Δαυτδ
654 1464 729 1498 μετὰ
745 1466 840 1492 κλαυ-

40 1505 119 1537 θμοῦ
141 1505 178 1532 τὸ
205 1507 285 1541 πόμα
306 1507 418 1542 κιρνῶγ
447 1507 604 1542 φαίνεται·
624 1509 642 1544 ἡ
675 1509 703 1535 δέ
728 1518 759 1543 γε
790 1509 838 1544 βα-

40 1551 109 1581 σιλὶς
139 1551 212 1587 αὕτη
242 1555 289 1580 καὶ
307 1554 411 1590 τροφὴν
433 1555 481 1581 καὶ
496 1555 577 1582 ποτὸν
601 1555 669 1590 ἐλέῳ
685 1564 839 1590 συγκεραν-

895 636 942 663 tim
960 635 1063 668 volens,
1080 640 1192 670 propter
1208 635 1360 662 contrarias
1384 635 1464 662 modo
1480 642 1680 663 commemora-

896 687 936 708 tas
949 682 1089 716 utriusque
1105 679 1184 708 oﬂlcii
1203 681 1362 715 consiliique
1381 681 1509 708 rationes.
1529 680 1586 708 Non
1608 681 1679 709 enim

895 729 988 763 utique
1013 735 1069 755 retu
1097 733 1206 763 gestttra
1224 735 1305 754 matttt
1336 728 1459 755 cominus
1485 731 1512 754 et
1527 727 1680 761 praeliatura

895 782 956 801 ctttn
972 773 1098 801 Barbaris
1122 773 1256 808 processit
1272 781 1279 799 :
1297 771 1449 808 Totttyridis
1474 773 1500 800 id
1524 771 1615 803 fuerit,
1634 776 1681 798 aut

895 820 1050 855 Sparethra:
1078 818 1283 853 Massagetidis,
1309 825 1360 845 non
1383 817 1474 846 [renes
1493 825 1578 851 meae;
1603 817 1681 844 fortis

628 866 713 893 Ἐπέιν
742 866 770 892 δὲ
793 866 842 900 τὴν
859 862 878 891 Β
894 865 966 892 illius
995 865 1102 898 quidem
1127 868 1155 891 et
1171 864 1289 898 pradin
1305 863 1361 890 anit

948 873 966 892 ις
995 865 1102 898 quidem
1127 868 1155 891 et
1171 864 1289 898 praeditas
1305 863 1399 890 animo
1424 862 1505 895 virili,
1531 862 1578 890 sed
1599 863 1681 890 robur

895 909 965 936 istud
982 916 1059 936 suum
1081 908 1114 936 ad
1127 908 1178 935 alia
1196 908 1273 943 longe
1289 907 1410 935 facinora
1427 908 1577 940 vertentis;
1592 908 1630 934 uti
1652 913 1680 936 et

898 955 983 982 artnis
1005 955 1137 982 instructa
1153 959 1210 981 erat
1231 953 1309 989 longe
1324 954 1385 981 aliis
1400 961 1482 988 quam
1499 954 1576 981 hasta
1591 947 1693 980 Palla-~

894 1001 936 1028 dis
948 1005 995 1028 aut
1008 1001 1082 1036 galea
1101 999 1232 1027 Plutonis.
1248 999 1345 1027 Parma
1360 999 1424 1027 huic
1440 1004 1466 1026 et
1479 1005 1585 1027 scutum
1598 1003 1624 1026 et
1639 1005 1678 1026 te-

894 1047 948 1075 lunt
973 1051 1041 1077 erat.
1063 1051 1194 1074 constans
1212 1049 1305 1080 pectus
1324 1052 1462 1079 Opponere
1484 1045 1565 1072 rebus
1586 1045 1680 1071 adver-

894 1093 958 1121 sis:
985 1100 1016 1120 ac
1032 1097 1124 1120 contra
1148 1091 1313 1120 rebcllioues
1345 1096 1426 1126 atqtte
1448 1091 1562 1119 insultus
1583 1091 1681 1125 quibus

894 1147 979 1175 genus
998 1139 1086 1174 ipsum
1107 1145 1241 1173 supremae
1256 1138 1397 1173 potestatis
1407 1142 1505 1165 natura
1523 1137 1638 1170 quadam
1654 1142 1680 1164 et

895 1185 1052 1213 conditione
1072 1186 1180 1220 propria
1193 1186 1344 1220 expositum
1362 1189 1413 1216 est,
1441 1191 1547 1216 semper
1568 1183 1679 1210 interti-

895 1237 948 1259 tam
963 1239 1071 1266 semper
1085 1236 1205 1266 paratam
1223 1236 1307 1258 stare.
1318 1226 1386 1257 Tum
1398 1237 1462 1258 vero
1476 1230 1556 1257 etiam
1570 1233 1680 1256 strenue

894 1285 954 1306 sese
978 1285 1087 1306 versare
1109 1278 1135 1305 in
1150 1276 1237 1305 cilicio
1256 1277 1392 1312 fungendo
1410 1281 1437 1303 et
1459 1275 1610 1302 actionibus
1638 1275 1678 1301 sui

894 1324 1014 1351 muneris
1028 1323 1054 1351 in
1072 1327 1191 1358 tempore
1203 1323 1359 1350 reddendis.
1375 1320 1509 1348 Przterea
1521 1326 1680 1354 responsare

893 1369 1098 1404 cupiditatibus,
1117 1373 1145 1396 et
1167 1367 1366 1396 contumaciam
1390 1373 1483 1394 earum
1502 1370 1611 1392 austero
1634 1371 1678 1390 ra-

895 1416 977 1444 tionis
1001 1415 1114 1450 imperio
1132 1422 1267 1450 premere.
1291 1414 1411 1449 Denique
1424 1413 1504 1441 fidem
1521 1416 1548 1439 et
1571 1410 1679 1444 religio-

894 1471 957 1492 nem
975 1463 1008 1490 ad
1036 1461 1120 1490 Deum
1148 1469 1202 1489 non
1229 1461 1319 1489 fictam
1350 1466 1438 1495 neque
1466 1457 1678 1494 perfunctoriam

895 1509 1005 1536 habere.
1036 1508 1101 1541 Quae
1127 1506 1183 1535 fere
1212 1511 1351 1534 armatura
1374 1509 1416 1534 est
1436 1512 1489 1540 qua
1521 1504 1679 1532 instructam

891 1554 1030 1582 mulierem
1052 1553 1148 1582 fortem
1171 1553 1300 1582 Salomon
1314 1552 1388 1580 velut
1411 1551 1437 1578 in
1452 1551 1539 1579 aciem
1554 1547 1678 1577 educit‘.

41 1595 108 1622 vin
129 1599 193 1624 καθ’
224 1599 342 1633 ἑκάστην
356 1600 506 1627 ἐδείκνυτο.
524 1601 580 1627 Καὶ
606 1600 690 1628 πολλὰ
707 1600 741 1628 ἂν
766 1609 774 1627 ε

965 1599 1098 1635 ejusmodi
1135 1599 1203 1627 bella
1234 1603 1419 1634 comparatam
1451 1601 1479 1624 et
1509 1595 1676 1631 procinctam

41 1642 130 1668 εἰπεῖν
143 1645 211 1678 περὶ
220 1643 322 1677 ταύτης
335 1644 385 1677 τῆς
397 1645 543 1680 βασιλίδος,
552 1646 577 1672 εἰ
592 1646 630 1682 μὴ
651 1646 682 1673 τὸ
693 1645 774 1680 θυγάτ

944 1646 972 1682 ἥ,
996 1646 1079 1674 fuisse
1094 1654 1180 1673 nteant
1197 1650 1310 1673 matrem
1327 1645 1425 1671 fateor.
1438 1643 1540 1671 Caetera
1556 1641 1677 1670 moribus

45 1684 115 1713 ιῖναι
141 1689 260 1724 ψεύδους
295 1692 426 1726 παρεῖχεν
454 1692 597 1724 ὑπόνοιαν,
619 1692 666 1718 καὶ
690 1692 731 1719 ὅτι
754 1701 778 1727 με

942 1692 1065 1720 etissimis
1087 1696 1115 1719 et
1130 1692 1176 1726 qui
1193 1691 1273 1719 facile
1288 1691 1378 1719 studio
1394 1689 1523 1725 cultuque
1547 1691 1675 1724 perpetuo

45 1732 230 1768 χιριζόμεθα.
246 1735 317 1769 Πρὸς
337 1736 366 1762 δὲ
378 1737 442 1769 τοὺς
460 1737 548 1764 ταῦτα
563 1737 742 1769 ὑπονοοῦντας
762 1746 778 1764 τι

942 1738 975 1770 is,
995 1745 1075 1766 omen
1096 1737 1133 1765 illi
1151 1737 1207 1764 dati
1227 1737 1292 1765 olim
1317 1735 1435 1764 nominis
1453 1735 1605 1770 implerent.
1621 1732 1675 1760 Ne-

45 1777 141 1812 ἕξομαι
150 1782 208 1812 τοῖς
221 1781 309 1815 λόγοις
319 1782 609 1818 συνεπιμαρτυροῦντα
619 1782 653 1810 τὰ
665 1783 778 1818 πρᾶγμα

952 1783 1019 1810 illud
1033 1782 1226 1814 omittendum,
1241 1790 1302 1810 cum
1316 1786 1394 1816 patre
1415 1788 1476 1808 meo
1486 1780 1601 1815 iubente
1615 1785 1675 1814 pro-

44 1833 136 1858 grrssa
160 1828 241 1856 simul
258 1833 300 1856 est
327 1829 360 1856 ad
388 1829 487 1856 bellum
509 1837 608 1865 parens
627 1837 685 1858 mea
711 1837 879 1864 nequaquam
898 1830 1053 1865 opinionem
1073 1829 1162 1858 adhuc
1181 1829 1263 1857 fuisse
1283 1836 1344 1856 mox
1365 1827 1448 1855 futuri
1466 1826 1562 1862 praelii,
1582 1824 1677 1862 procul

44 1871 177 1906 siqui-lem
193 1875 281 1902 adhuc
298 1874 463 1904 Baimuttdus
501 1877 693 1910 cunctabatur,
740 1882 768 1904 et
793 1877 876 1905 lentis
899 1878 1086 1906 tantummodo
1121 1876 1241 1904 consiliis
1269 1875 1498 1912 praetttuttiebatur
1529 1873 1607 1908 quasi
1635 1872 1676 1899 via

45 1919 119 1947 Marti
135 1929 308 1956 prOCESsut'o,
328 1923 391 1950 dum
412 1928 484 1951 totus
500 1924 607 1951 interim
625 1929 683 1952 erat
708 1925 866 1960 imperator,
882 1926 909 1953 in
924 1925 1033 1954 arcibus
1055 1925 1117 1953 aliis
1153 1925 1279 1960 praesidio
1317 1923 1465 1959 imposito,
1502 1922 1562 1949 aliis
1595 1927 1674 1948 manu

46 1974 125 2002 atque
139 1978 222 2005 opere
237 1971 386 2003 firmandis,
430 1973 659 2007 providettdisque
695 1974 777 2002 rebus
813 1975 973 2009 ejusmodi§—-
983 1975 1090 2002 caeteris
1105 1981 1166 2009 quae
1178 1974 1210 2001 ad
1229 1973 1426 2001 occurrendum
1440 1970 1580 1999 Baimuudi
1595 1975 1676 1997 cona-

47 2018 115 2044 tibus
135 2018 281 2050 aliquando
296 2020 432 2053 erupturis
447 2026 551 2047 maturo
573 2020 732 2048 adhibendae
755 2021 926 2049 videbantur.
942 2022 1030 2056 Atque
1043 2021 1093 2048 hoc
1106 2020 1206 2055 ipsum.
1241 2026 1337 2053 nempe
1367 2018 1438 2052 quod
1471 2018 1554 2045 sciret
1590 2016 1676 2051 impe-

48 2068 119 2088 rator
132 2064 235 2090 null-ant
249 2063 324 2096 fore,
339 2064 390 2092 nisi
410 2070 471 2100 post
484 2065 592 2100 longum
610 2066 680 2093 forte
702 2066 832 2101 spatium,
851 2067 1024 2094 occasionem
1040 2065 1201 2093 conserendi
1219 2065 1313 2098 pnelii,
1337 2063 1445 2090 animos
1466 2063 1504 2090 illi
1541 2060 1607 2090 fecit
1641 2060 1674 2087 ad

48 2111 193 2142 nrgeudam
218 2111 329 2138 liberius
347 2117 458 2146 propter
492 2113 610 2140 rationes
640 2112 716 2147 prius
751 2117 925 2144 memoratas,
962 2111 1111 2146 Augustam
1132 2118 1210 2137 suam
1227 2109 1367 2144 coujugent
1390 2112 1420 2136 ut
1441 2107 1516 2135 exire
1544 2106 1577 2133 ad
1603 2105 1674 2133 hanc

48 2155 240 2187 expeditionem
261 2163 352 2182 sccunt
376 2154 477 2182 velint?
513 2155 557 2182 Illa
582 2164 645 2183 vero
662 2156 819 2183 necessitati
840 2157 921 2184 simul
945 2164 960 2183 a
979 2157 1037 2184 viro
1059 2156 1192 2190 imposita
1214 2155 1316 2188 paruit,
1356 2153 1437 2180 simul
1481 2152 1586 2179 dilectae
1622 2150 1673 2179 sibi

48 2200 202 2226 exercenda:
217 2198 354 2228 liberalius
369 2200 561 2228 misericordiae
573 2201 690 2236 captavit
704 2202 888 2229 occasionem.
935 2201 1149 2236 Peregrinationi
1169 2201 1242 2228 enim
1263 2199 1336 2226 omni
1374 2206 1456 2233 quant
1490 2203 1544 2224 tum
1580 2196 1674 2226 habuit

49 2250 152 2280 sumpta
178 2254 270 2274 secum
290 2247 401 2281 pecunia
417 2246 457 2274 vel
477 2255 559 2274 aurea
580 2247 622 2275 vel
639 2255 672 2275 ex
693 2247 747 2275 alio
761 2248 857 2282 quovis
873 2247 982 2275 metallo
1022 2255 1052 2275 se
1073 2247 1146 2274 dedit
1165 2256 1172 2274 :
1204 2254 1318 2281 eamque
1356 2253 1403 2280 per
1428 2250 1510 2272 totout
1537 2244 1606 2271 viam
1647 2244 1673 2271 in

49 2292 139 2320 obvios
154 2300 275 2328 quosque
288 2293 435 2326 mettdicos,
457 2298 503 2320 aut
517 2298 664 2328 egestatem
679 2294 725 2321 vili
743 2301 774 2321 ac
795 2295 893 2322 misero
911 2295 1008 2321 vestitu
1020 2293 1204 2329 preferentes.
1242 2293 1360 2320 maxime
1389 2296 1478 2319 autent
1510 2291 1535 2317 in
1571 2291 1673 2319 nudos,

51 2336 291 2377 beneﬁcentissimi:
310 2339 443 2373 profudit,
466 2339 533 2366 adeo
549 2345 576 2366 ut
594 2348 673 2367 neuto
688 2341 734 2376 qui
750 2339 784 2367 ab
797 2347 828 2366 ea
848 2340 960 2374 petierit
995 2340 1094 2368 abierit
1128 2346 1240 2367 vacuus.
1259 2338 1405 2373 Postquam
1421 2344 1485 2364 vero
1501 2336 1527 2363 iu
1549 2336 1671 2363 destina-

51 2387 104 2409 tunt
124 2384 176 2411 sibi
197 2385 398 2411 tabernaculum
420 2390 612 2419 concesserat,
638 2394 691 2412 ttott
716 2386 760 2413 illa
802 2386 944 2420 Captandae
963 2385 1063 2420 quietis
1079 2385 1282 2420 opportunitate
1318 2384 1468 2416 fruebatur,
1507 2387 1554 2409 aut
1573 2381 1673 2415 clausis

52 2429 122 2457 ostiis
149 2431 208 2458 sine
243 2431 345 2458 arbitro
360 2439 454 2458 somno
468 2432 629 2467 corpot-ique
650 2433 765 2460 otiosam
802 2432 883 2459 dabat
908 2439 1040 2467 operam:
1073 2432 1121 2460 sed
1143 2431 1210 2459 velis
1241 2430 1359 2458 reductis
1400 2429 1516 2463 amplam
1540 2427 1672 2454 adeundae

52 2477 89 2502 sui
107 2476 220 2504 faciebat
239 2478 346 2512 copiam
373 2479 499 2505 omnibus
520 2479 576 2514 ipsa
602 2485 734 2507 conventa
760 2487 828 2514 opus
851 2479 1014 2507 habentibus
1030 2479 1181 2514 praesertim
1204 2486 1268 2506 vero
1285 2482 1376 2513 petere
1414 2475 1513 2511 aliquid
1546 2474 1668 2510 paratis;

53 2524 163 2555 qualium
180 2533 319 2554 accessum
342 2531 398 2554 tota
421 2527 475 2554 vita
494 2526 572 2555 facile
592 2527 718 2559 adtttisit;
759 2531 787 2554 et
806 2527 838 2554 ad
875 2527 928 2554 tale
944 2527 1078 2554 duntaxat
1092 2533 1178 2562 genus
1194 2525 1333 2553 remisisse
1346 2522 1516 2551 verecundiae
1539 2520 1672 2556 supersti-

53 2566 145 2604 tionem
170 2571 243 2598 velut
268 2571 340 2598 illam
363 2571 505 2598 videbatur
521 2579 589 2606 pene
610 2571 743 2605 nimiam;
761 2572 824 2598 dum
845 2571 878 2599 iis
892 2571 1022 2599 duntaxat
1038 2572 1159 2606 praebere
1176 2577 1206 2598 se
1226 2570 1385 2602 videndam,
1399 2572 1427 2596 et
1461 2568 1568 2596 eosdem
1601 2566 1670 2594 allo-

55 2612 95 2645 Qtti
109 2620 284 2642 consueverat
299 2615 424 2643 libenter.
437 2615 523 2643 Porro
539 2616 680 2650 pecuniam
699 2616 864 2651 pauperibus
878 2616 993 2644 donasse
1010 2616 1168 2650 neutiquam
1201 2621 1339 2646 contenta,
1377 2613 1530 2646 consilium,
1563 2612 1586 2640 si
1624 2616 1668 2640 rei

56 2653 140 2691 ferret,
162 2659 271 2694 insuper
290 2660 427 2694 addebat;
451 2665 477 2688 et
496 2668 564 2696 quos
577 2660 646 2689 forte
668 2667 776 2696 vegetos
813 2669 845 2688 ac
879 2662 1021 2689 comntode
1048 2661 1174 2688 valentes
1200 2661 1283 2688 vitam
1307 2660 1421 2687 inertem
1456 2658 1500 2686 cib
1544 2657 1676 2694 precario~

56 2705 155 2734 trahere
175 2708 291 2738 videbat,
324 2707 358 2735 iis
380 2708 460 2736 fiebat
489 2714 585 2736 auctor
618 2714 648 2736 ut
679 2708 830 2744 proﬁtendo
848 2708 919 2743 apud
946 2716 1002 2736 rem
1028 2709 1160 2736 habentes
1189 2708 1281 2736 labore
1312 2707 1411 2736 victum
1446 2706 1497 2735 sibi
1541 2705 1666 2734 mercede

88 2750 96 2766 ¹
109 2751 185 2780 Prov.
206 2760 282 2787 snt,
300 2753 332 2780 io
345 2761 420 2789 seqq.

571 2801 668 2834 Vario!
684 2802 819 2836 lectione

88 2843 108 2863 ⁸³
124 2847 150 2876 ὲν
160 2848 207 2876 τῶ.

571 2801 668 2834 νοτία)
684 2802 837 2836 lectiones
856 2811 895 2835 ex
909 2802 981 2835 cod.
999 2801 1126 2834 Coislin.

138 2857 150 2875 ν
160 2856 207 2884 τῳ.
