1858 3041
11 113 88 146 389
692 119 897 149 ALEXIADIS
918 120 992 154 LIB,
1009 120 1077 151 ΧΠ.

11 181 134 207 νομοί..
174 173 246 201 Ἀλλ’
275 174 368 208 ἐπειδὴ
395 174 429 200 τὰ
457 174 571 209 μὲντῆς
599 175 744 209 συμπλοκῆ

808 177 845 202 ὢν
860 179 881 207 Α
933 177 984 210 Qui
1002 178 1108 204 rabidos
1121 182 1220 204 sanch
1234 176 1322 204 duties
1338 176 1438 203 illidere
1452 176 1541 210 [ωιηῐί1

11 217 209 254 Βιρῦἁρων
232 219 340 252 ἔμελλε,
374 220 441 254 πρὺς
463 220 490 246 δὲ
514 221 692 256 παρασκευὴν
722 222 744 247 rt

932 223 964 250 Et
983 223 1114 250 maculam
1128 223 1200 256 puris
1215 223 1334 258 «pingere
1350 223 1464 249 moribus
1480 224 1583 251 ardent.

11 265 221 299 συμπλοκῆς
242 266 255 290 ὸ
270 264 398 300 βασιλεὺς
408 265 531 300 ἀφεώρα,
548 266 596 292 καὶ
614 266 648 292 τὰ
667 267 716 301 μὲν
731 268 744 293 ὰ

948 269 981 296 de
997 268 1106 296 Homeri
1123 268 1196 296 Musa
1208 288 1215 299 .
1236 269 1357 303 apprime
1371 273 1455 302 perita
1474 268 1681 296 consuetudinis

11 309 112 335 ταῦ-Β
120 319 156 336 αι
169 310 225 336 τῶν
244 311 385 345 φρουρίων
400 311 500 336 σκοπὸν
514 308 581 345 εἶχε,
601 310 635 338 τὰ
645 312 673 338 δὲ
688 321 744 338 κατ‹

949 323 1021 342 uanae
1041 315 1176 350 ingenium
1199 322 1258 342 esse
1290 314 1486 347 plurimorum,
1511 316 1619 342 cecinit.
1644 314 1682 343 Ne

11 363 93 387 σαι,
114 357 174 382 καὶ
190 357 257 387 om;
272 355 354 383 εὔοδα
368 356 459 382 πάντα
474 357 507 394 τᾷ
522 357 594 383 κατὰ
609 357 657 384 τοῦ
675 357 744 392 Βαῖμ

948 369 979 387 ur
1013 360 1253 387 comminiscantur
1282 367 1349 387 neve
1378 359 1578 387 calumnientur
1609 361 1681 388 aliud

11 409 33 425 κ
40 409 88 426 21:
96 410 117 426 at
125 402 283 436 στήσασθαι
296 401 421 434 ἔσπευδε,
431 402 634 438 συνεξυπήγετο
643 403 692 429 καὶ
704 404 744 439 τὴν

948 406 1050 440 picaces
1075 410 1103 432 et
1127 405 1252 432 maledici
1268 405 1392 432 homines
1408 405 1442 432 de
1457 405 1547 432 causis
1562 413 1681 433 commo-

11 446 29 471 λ
50 446 102 472 δα.
126 447 163 473 -τὺ
185 447 237 482 μέν
250 455 292 473 τοι
306 447 353 473 καὶ
368 447 466 474 ἑαυτοῦ
480 448 573 480 ἓνεκα,
589 449 637 475 καὶ
651 449 684 476 δι’
698 449 731 480 ἃς

949 452 1011 480 onis
1034 459 1100 478 meas
1117 451 1210 478 matris
1234 451 1260 478 in
1286 451 1385 478 castris
1401 456 1429 479 et
1446 451 1551 478 itineris
1570 451 1631 486 ejus
1651 459 1681 478 ac

11 493 228 528 εἰρήκειμεν,
250 493 281 520 τὸ
290 493 319 520 δέ
336 502 362 520 τι
385 495 432 520 καὶ
447 495 476 519 ὲν
495 494 518 510 ⁸⁸
540 494 673 530 ἀκινδύνῳ
698 495 744 521 τῶν

949 497 1071 524 factionis
1099 504 1151 530 qua
1182 503 1212 523 se
1242 496 1368 523 comitem
1395 497 1576 531 expeditionis
1602 497 1680 525 istius

11 539 170 572 γμάτων
187 540 226 566 ἑτι
239 538 446 574 καθεστηκότων
457 541 505 567 καὶ
521 540 604 575 μήπω
615 541 711 576 καιροῦ
724 550 744 567 π

953 550 978 568 m
995 542 1074 569 modo
1091 541 1257 575 descriptum
1276 542 1345 568 imus
1370 549 1384 568 a
1405 547 1482 576 patre
1504 549 1565 569 meo
1588 543 1684 570 adver-

11 583 299 620 ὶιειδεδημηιιότος.
326 584 530 620 Ἀναλαδομένη
561 586 652 612 τοίνυν
677 585 744 612 ὁπόσ

956 585 1132 614 Baimundum
1149 591 1290 620 susceptae,
1315 586 1387 614 dedit
1404 587 1502 622 partim
1519 587 1603 615 invita
1620 595 1681 622 par-

12 630 159 663 χρυσοῦ
186 632 232 657 καὶ
261 631 346 665 ἄλλης
373 631 516 666 ποιότητος
547 633 654 667 προσῆν
686 632 745 667 ausi

963 632 1066 664 volens,
1083 637 1194 667 propter
1211 632 1363 659 contrarias
1387 633 1467 660 modo
1483 640 1681 661 commemora-

14 684 148 710 ρχγμα
179 677 228 703 καὶ
258 676 342 711 ἕτερᾶ
369 685 430 704 τινα
447 678 499 703 τῶν
516 678 667 713 χρημάτων
688 677 743 710 ἔξει

952 678 1092 713 utriusque
1107 677 1186 704 ofﬁcii
1205 677 1365 712 consiliique
1384 678 1512 705 rationes.
1532 677 1588 705 Non
1611 679 1681 706 enim

16 722 172 753 πόλεως,
190 721 238 748 καὶ
256 721 304 748 τοῦ
330 723 426 749 λοιποῦ
455 724 484 750 ὲν
500 724 537 756 τῷ
566 723 665 750 διιέναι
694 724 744 755 τὰς

949 733 990 760 μιε
1015 732 1071 752 rem
1101 729 1208 759 gestura
1226 732 1307 751 manu
1338 725 1461 752 cominus
1487 728 1514 752 et
1530 725 1682 758 praeliatura

21 769 122 794 ’κᾶτι
155 769 213 800 τοῖς
240 769 367 800 ὲπαίταις
400 770 447 796 καὶ
478 771 535 800 τοῖς
564 770 754 805 σισυροφόροις

950 778 958 797 ι
975 770 1100 798 Barbaris
1125 769 1258 804 processit
1275 778 1282 796 :
1300 768 1452 805 Tomyridis
1477 770 1503 797 id
1527 769 1618 800 fuerit,
1636 773 1683 796 aut

20 815 173 848 γυμνοῖς
188 813 288 848 δαψιλῆ
323 815 372 849 τὴν
392 815 472 849 χεῖρα
496 816 621 850 παρεῖχε.
651 816 705 842 Καὶ
726 816 753 842 οὐ

949 817 1052 844 aethra:
1080 815 1285 850 Massagetidis.
1312 822 1363 843 non
1385 815 1477 843 lrenes
1495 822 1581 849 mem;
1606 814 1682 842 fortis

21 861 243 894 αἰτησάμενος
269 861 317 887 καὶ
345 861 423 891 uno:
453 861 589 890 ἀπελθών.
630 862 716 889 Ἑπὰν
744 863 754 888 ξ

950 869 968 889 ιε
997 861 1105 895 quidem
1130 865 1158 888 et
1174 861 1291 895 praeditas
1308 861 1401 888 animo
1426 860 1508 893 virili,
1534 860 1580 888 sed
1602 860 1683 887 robur

21 907 34 931 ἱ
42 915 69 931 π
76 915 106 932 ιτ
113 906 274 942 ιταγμένην
285 907 387 942 σκηνὴν
403 908 576 943 κατειλήφει.
586 908 617 934 οὺ
626 908 692 943 πρὸς
704 910 754 944 pg:

952 905 968 932 tl
984 913 1061 932 suum
1083 905 1116 932 ad
1130 905 1181 932 alia
1198 905 1276 941 longe
1292 904 1412 933 facinora
1430 905 1580 937 vertentis;
1595 905 1633 932 uti
1655 910 1682 932 et

22 961 39 978 ε
50 952 134 983 30b;
150 952 295 979 ἀπέκλινεν
310 953 377 978 εἵσω
392 953 495 987 ταύτης
511 954 649 988 γεγονυῖα,
663 953 755 980 suae

964 951 986 979 is
1007 951 1139 979 instructa
1155 956 1213 978 erat
1235 951 1312 986 longe
1327 951 1388 979 aliis
1403 958 1485 986 quam
1502 951 1579 978 hasta
1594 944 1696 978 Palla?

22 998 173 1025 ταννῦσα
195 999 308 1034 ταύτην,
344 999 440 1026 ἄνετον
460 1001 517 1031 τοῖς
535 1000 640 1026 αἰτοῦσι
661 1001 755 1036 παρή)

951 1001 997 1025 aut
1010 997 1084 1032 galea
1103 997 1234 1024 Plutonis.
1250 997 1348 1024 Parma
1363 997 1427 1024 huic
1443 1002 1469 1023 et
1482 1002 1588 1024 scutum
1600 1001 1626 1024 et
1641 1002 1680 1023 te-

23 1045 175 1072 εἴσοδον·
191 1046 247 1078 τοῖς
285 1045 418 1077 τοιούτοις
435 1045 489 1081 γὰρ
504 1047 552 1073 καὶ
581 1047 655 1082 μάλα
683 1047 754 1082 εὖπρ

949 1058 951 1071 l
974 1047 1044 1074 erat.
1065 1047 1196 1071 constans
1215 1047 1308 1077 pectus
1327 1049 1464 1077 opponere
1486 1042 1567 1070 rebus
1588 1042 1682 1069 adver-

21 1089 68 1125 ἦν
91 1091 150 1117 καὶ
167 1092 300 1126 παρεῖχεν
322 1091 425 1126 ἑαυτὴν
445 1092 562 1127 ὁρᾶσθαι
574 1101 604 1118 τε
623 1092 670 1119 καὶ
684 1092 752 1119 ἀκού

953 1098 961 1116 :
987 1097 1019 1116 ac
1034 1094 1126 1116 contra
1150 1088 1315 1116 rebelliones
1347 1093 1428 1123 atque
1450 1088 1564 1116 insultus
1585 1088 1682 1122 quibus

1629 121 1683 153 899

29 1137 78 1163 Οὐ
100 1138 259 1172 χρημάτων
269 1137 297 1163 δὲ
313 1137 454 1172 μετεδίδου
476 1139 533 1169 τοῖς
550 1138 650 1173 πένησι
666 1138 760 1173 μόνον,
775 1137 845 1165 ἀλλὰ

27 1183 93 1209 καὶ
110 1183 149 1208 ’τὰ
167 1181 255 1217 λῴονα
272 1182 468 1209 συνεϐούλευε·
489 1184 537 1210 καὶ
554 1183 674 1215 ὁπόσους
688 1184 737 1218 μὲν
756 1184 844 1220 εὑρώ-

29 1237 133 1259 στους
161 1229 194 1255 τὰ
224 1229 340 1264 σώματα
367 1230 503 1264 κατενόει,
521 1230 651 1266 ῥᾳθύμως
671 1231 700 1258 δι
715 1231 780 1265 περὶ
797 1231 845 1258 τὸν

29 1275 105 1309 βίον
124 1274 247 1308 ἔχοντας,
257 1275 323 1311 πρὸς
337 1275 405 1310 ἔργα
421 1276 468 1302 καὶ
478 1275 591 1311 πράξεις
601 1277 800 1312 προύτρέπετο,
811 1277 845 1304 ἶν’

27 1318 176 1344 ἐντεῦθεν
195 1319 228 1344 τὰ
243 1319 311 1353 πρὸς
329 1320 425 1355 χρείαν
441 1320 608 1355 κομίζοιντο,
624 1322 672 1348 καὶ
688 1322 726 1357 μὴ
748 1322 783 1349 δι’
812 1323 845 1349 ἀ-

30 1364 162 1396 μέλειαν
183 1364 415 1398 ἀναπεπτωκότας
425 1365 511 1401 θύραν
528 1368 559 1392 ὲκ
568 1366 653 1402 θύρας
665 1368 845 1400 ἐπαιτοῦντας

34 1417 76 1433 πε
85 1411 236 1442 ρινοστείν.
248 1410 350 1445 Καίρὸς
363 1411 391 1438 δὲ
406 1411 496 1444 οὐδεὶς
508 1412 557 1446 τῆς
568 1413 699 1448 τοιαύτης
711 1414 845 1450 ἐργασίας

30 1455 166 1489 ἀπεῖργε
180 1456 230 1491 τὴν
241 1457 377 1491 βασιλίδα.
395 1458 424 1484 'O
435 1458 485 1493 μὲν
497 1456 544 1485 οὖν
556 1458 639 1486 Δαυῒδ
655 1461 731 1495 μετὰ
747 1462 842 1488 κλαυ-

32 1501 126 1534 (Ιμοῦ
147 1501 181 1528 τὸ
207 1503 287 1537 πόμα
308 1503 420 1538 κιρνῶν
449 1504 606 1539 φαίνεται·
626 1506 644 1540 ἡ
677 1505 705 1532 δέ
729 1514 761 1539 γε
792 1506 841 1541 βα-

33 1548 116 1578 σιλὶ;
145 1547 213 1582 αὕτη
244 1550 291 1577 καὶ
309 1550 412 1586 τροψὴν
435 1551 483 1577 καὶ
498 1551 579 1578 ποτὸν
602 1551 670 1586 ἐλέῳ
687 1561 841 1586 συγκεραν-

897 1143 982 1171 genus
1000 1136 1089 1170 ipsum
1110 1142 1243 1170 supremae
1258 1135 1399 1170 potestatis
1409 1139 1507 1162 natura
1525 1134 1640 1168 quadam
1656 1139 1682 1160 et

897 1182 1054 1210 conditione
1074 1182 1183 1216 propria
1195 1182 1346 1216 expositum
1364 1186 1415 1213 est,
1443 1187 1549 1213 semper
1570 1180 1682 1207 interri-

897 1233 950 1256 tam
965 1236 1073 1263 semper
1087 1232 1207 1263 paratam
1226 1233 1309 1255 stare.
1320 1223 1388 1254 Tum
1400 1235 1464 1254 vero
1478 1227 1558 1254 etiam
1572 1230 1682 1253 strenue

896 1282 956 1302 sese
981 1282 1089 1302 versare
1111 1275 1137 1302 in
1152 1273 1239 1302 ollicio
1258 1273 1394 1310 fungendo
1412 1278 1439 1300 et
1461 1271 1612 1299 actionibus
1640 1272 1680 1298 sui

896 1321 1016 1348 muneris
1030 1320 1056 1347 in
1074 1324 1194 1355 tempore
1204 1320 1361 1347 reddendis.
1377 1317 1511 1346 Praeterea
1523 1323 1682 1351 responsare

895 1364 1100 1401 cupiditatibus,
1119 1370 1147 1394 et
1170 1365 1367 1393 contumaciam
1392 1370 1485 1391 earum
1504 1367 1612 1389 austero
1635 1368 1680 1388 ra-

897 1413 979 1440 tionis
1003 1412 1116 1447 imperio
1133 1419 1269 1447 premere.
1293 1411 1412 1446 Denique
1426 1410 1506 1438 ﬁdem
1523 1413 1550 1436 et
1573 1407 1681 1442 religio-

895 1467 958 1488 nem
977 1459 1010 1487 ad
1037 1458 1122 1486 Deum
1150 1465 1204 1486 non
1230 1458 1320 1485 ﬁctam
1352 1464 1440 1492 neque
1468 1454 1680 1491 perfunctoriam

897 1505 1006 1533 habere.
1037 1504 1103 1538 Quae
1129 1503 1185 1531 fere
1214 1508 1353 1531 armatura
1376 1505 1418 1530 est
1437 1509 1491 1538 qua
1523 1501 1680 1528 instructatn

893 1551 1033 1579 mulierem
1053 1550 1149 1579 fortem
1173 1550 1302 1578 Salomon
1316 1549 1390 1577 velut
1413 1549 1439 1576 in
1454 1548 1541 1576 aciem
1556 1545 1680 1574 educit’.

33 1592 114 1619 νῦςι
134 1595 195 1619 καῑν
225 1595 343 1629 ἑκάστην
357 1596 507 1623 ἐδεῖκνυτο.
526 1597 582 1623 Καὶ
607 1596 692 1624 πολλὰ
709 1596 743 1624 ἂν

967 1596 1100 1632 ejusmodi
1136 1595 1205 1624 bella
1236 1600 1420 1630 comparatam
1453 1598 1481 1621 et
1511 1592 1678 1628 procinctam

34 1639 135 1664 εἰπεῖν
148 1640 213 1673 περὶ
222 1640 324 1673 ταύτης
337 1640 387 1673 τῆς
398 1641 544 1676 βασιλίδος,
554 1642 579 1668 εἰ
594 1642 631 1678 μὴ
653 1643 684 1669 τὸ
695 1642 765 1677 θυγά

946 1642 974 1679 4
998 1642 1081 1670 fuisse
1096 1650 1182 1670 meam
1198 1647 1312 1670 matrem
1329 1642 1427 1669 fateor.
1440 1640 1542 1668 Caetera
1558 1638 1678 1667 moribus

38 1681 119 1710 εἶναι
145 1684 262 1719 ψεύδους
296 1688 428 1722 παρεῖχεν
456 1688 599 1720 ὑπόνοιαν,
621 1688 668 1715 καὶ
692 1689 734 1715 ὅτι
756 1697 771 1724 μ

944 1689 1067 1716 ιιίεοῑιιιὶε
1089 1693 1116 1715 et
1131 1688 1177 1723 qui
1194 1688 1275 1716 facile
1289 1688 1380 1715 studio
1395 1686 1525 1722 cultuque
1548 1689 1677 1721 perpetuo

38 1729 231 1764 χχριζόμεθα.
248 1731 319 1765 Πρὸς
339 1732 367 1758 δὲ
380 1733 444 1765 τοὺς
462 1733 549 1760 ταῦτα
564 1733 744 1765 ὑπονοοῦντας
764 1743 771 1760 Ἰ

944 1734 976 1766 is.
997 1742 1077 1762 omen
1097 1734 1134 1761 illi
1152 1734 1209 1761 dati
1229 1733 1294 1761 olim
1318 1733 1436 1761 nominis
1454 1732 1607 1767 implerent.
1622 1729 1677 1757 Ne-

37 1775 144 1810 ἑξομαι
154 1777 209 1808 τοῖς
222 1777 311 1812 λόγοις
320 1779 610 1814 συνεπιμαρτυροῦντα
621 1779 655 1806 τὰ
667 1779 770 1814 πρᾶγμ(

954 1779 1020 1807 illud
1035 1779 1228 1811 omittendum,
1243 1787 1304 1807 cum
1318 1783 1395 1813 patre
1417 1785 1478 1805 meo
1487 1777 1603 1813 jubente
1616 1782 1677 1811 pro-

36 1831 139 1857 gressa
163 1824 243 1851 simul
259 1829 302 1851 est
328 1825 362 1852 ad
390 1825 489 1852 bellum
511 1833 610 1860 parens
629 1834 686 1853 mea
712 1833 881 1861 nequaquam
900 1827 1055 1862 opinionem
1075 1826 1163 1854 adhuc
1182 1826 1265 1854 fuisse
1285 1833 1345 1852 mox
1366 1825 1450 1852 futuri
1468 1824 1564 1860 praelii,
1584 1821 1678 1859 procul

36 1869 179 1903 siquidem
194 1871 282 1898 adhuc
300 1870 464 1900 Baimundus
503 1873 695 1906 cunctabatur,
741 1878 769 1900 et
795 1873 877 1901 lentis
901 1875 1087 1902 tantummodo
1122 1873 1243 1901 consiliis
1270 1872 1500 1908 praemuniebatur
1531 1870 1608 1906 quasi
1636 1869 1678 1897 via

37 1917 121 1944 Marti
138 1925 310 1952 processum.
330 1919 393 1947 dum
414 1924 485 1948 totus
501 1920 608 1947 interim
627 1926 684 1948 erat
710 1921 867 1956 imperator,
884 1922 910 1950 in
926 1922 1035 1950 arcibus
1057 1922 1119 1950 aliis
1155 1921 1280 1956 prmsidio
1319 1921 1466 1956 imposito,
1504 1919 1563 1947 aliis
1596 1924 1676 1945 manu

38 1972 127 2000 atque
142 1975 223 2001 opere
239 1967 388 2000 ﬁrmandis.
432 1969 660 2003 providendisque
697 1971 778 1998 rebus
814 1972 974 2006 ejusmodi?
985 1971 1092 1999 caeteris
1107 1978 1168 2006 quae
1180 1971 1212 1997 ad
1231 1970 1428 1998 occurrendum
1442 1967 1581 1996 Baitnundi
1597 1973 1678 1994 cona-

39 2017 117 2041 lllttls
139 2014 283 2047 aliquando
297 2016 433 2049 erupturis
449 2022 552 2043 mature
575 2017 733 2044 adhibendae
756 2017 927 2045 videbantur.
944 2019 1032 2052 Atque
1045 2018 1094 2045 hoc
1108 2017 1208 2052 ipsum.
1243 2023 1339 2050 nempe
1369 2015 1440 2049 quod
1473 2015 1556 2042 sciret
1591 2014 1678 2048 impe-

40 2067 120 2087 I‘ator
135 2060 236 2086 nullam
250 2059 324 2092 fore,
340 2061 392 2088 nisi
411 2066 472 2096 post
485 2061 594 2096 longum
611 2062 682 2090 forte
704 2063 834 2098 spatium.
853 2063 1026 2090 occasionem
1041 2061 1203 2090 conserendi
1221 2061 1315 2095 przelii,
1339 2060 1447 2088 animos
1467 2060 1505 2087 illi
1543 2057 1608 2087 fecit
1642 2057 1675 2084 ad

41 2107 195 2140 nrgendam
219 2106 330 2134 liberius
349 2114 459 2142 propter
494 2110 612 2136 rationes
642 2109 718 2143 prius
753 2113 926 2141 memoratas,
964 2107 1113 2143 Augustam
1133 2115 1212 2134 suam
1229 2106 1369 2141 conjugem
1392 2109 1422 2132 ut
1442 2104 1518 2132 exire
1545 2103 1578 2130 ad
1605 2103 1676 2130 hanc

40 2151 242 2186 expeditionem
262 2159 354 2178 secum
378 2151 479 2178 vellet?
514 2151 559 2178 Illa
583 2160 646 2179 vero
663 2152 821 2180 necessitati
841 2153 922 2181 simul
946 2160 960 2180 a
981 2153 1039 2180 viro
1061 2153 1194 2186 impositae
1216 2152 1318 2185 paruit,
1357 2150 1438 2178 simul
1483 2149 1588 2176 dilectae
1623 2147 1675 2176 sibi

40 2196 203 2223 exercenda:
218 2194 355 2223 liberalius
370 2196 563 2224 misericordia:
575 2198 692 2232 captavit
705 2198 889 2225 occasionem.
937 2197 1151 2232 Peregrinationi
1171 2199 1244 2224 enim
1265 2196 1337 2224 omni
1375 2203 1458 2231 quam
1491 2200 1545 2221 ttnn
1581 2193 1675 2223 habuit

41 2247 154 2278 sumpta
179 2250 271 2269 secum
291 2243 403 2277 pecunia
418 2243 458 2270 vel
479 2251 560 2270 aurea
581 2243 623 2271 vel
640 2251 673 2271 ex
694 2243 748 2271 alio
763 2244 858 2279 quovis
875 2244 984 2271 metallo
1024 2251 1054 2271 se
1074 2244 1148 2271 dedit
1167 2253 1174 2271 :
1206 2251 1319 2278 eamque
1358 2250 1405 2277 per
1429 2247 1512 2269 totam
1539 2241 1607 2268 viam
1648 2241 1675 2268 in

41 2290 141 2318 obvios
155 2296 276 2323 quosque
290 2289 436 2322 mendicos,
458 2294 504 2317 aut
519 2295 664 2325 egestatem
680 2291 726 2317 vili
744 2298 776 2318 ac
796 2291 895 2318 misero
912 2291 1010 2318 vestitu
1021 2290 1206 2325 praeferentes.
1244 2289 1360 2316 maxime
1390 2293 1479 2316 autem
1511 2287 1536 2314 in
1572 2287 1674 2316 nudos.

43 2335 292 2373 beneticentissime
312 2335 444 2369 profudit,
468 2336 534 2363 adeo
550 2341 578 2362 ut
595 2343 674 2363 nemo
690 2337 735 2372 qui
751 2335 785 2364 ab
798 2343 830 2363 ea
850 2337 962 2371 petierit
996 2336 1095 2364 abierit
1130 2343 1241 2363 vacuus.
1261 2335 1407 2370 Postquam
1422 2341 1486 2361 vero
1503 2333 1529 2360 in
1551 2332 1673 2360 destina-

43 2386 102 2409 tum
126 2380 177 2407 sibi
198 2381 399 2407 tabernaculum
421 2386 613 2415 concesserat,
640 2390 692 2409 non
718 2382 762 2410 illa
804 2383 946 2417 captanda:
964 2382 1064 2417 quietis
1081 2381 1283 2416 opportunitate
1320 2380 1469 2413 fruebatur,
1508 2384 1555 2406 aut
1574 2378 1674 2412 clausis

42 2427 123 2455 ostiis
150 2427 209 2453 sine
244 2427 346 2454 arbitro
361 2435 455 2454 somno
470 2428 630 2463 corporique
652 2429 766 2456 otiosam
804 2429 884 2456 dabat
909 2436 1042 2464 operam:
1075 2428 1122 2456 sed
1144 2427 1212 2455 velis
1242 2427 1360 2454 reductis
1401 2426 1517 2460 amplam
1541 2424 1674 2451 adeundos

44 2475 86 2502 sui
106 2473 221 2500 faciebat
241 2474 347 2507 copiam
374 2474 500 2501 omnibus
521 2475 577 2510 ipsa
604 2481 735 2503 conventa
761 2483 830 2511 Opus
853 2476 1016 2504 habentibus
1031 2476 1182 2511 praesertim
1205 2482 1269 2502 vero
1286 2479 1378 2510 petere
1416 2473 1514 2508 aliquid
1547 2472 1670 2507 paratis;

43 2522 164 2555 qualium
182 2529 321 2549 accessum
343 2527 400 2550 tota
423 2522 476 2549 vita
495 2523 573 2551 facile
593 2523 720 2556 admisit;
761 2527 788 2551 et
807 2524 840 2550 ad
877 2524 929 2551 tale
945 2523 1079 2551 duntaxat
1094 2529 1179 2558 genus
1195 2521 1334 2549 remisisse
1348 2519 1517 2547 verecundiae
1540 2518 1673 2553 supersti-

44 2566 146 2604 tionem
171 2566 245 2593 velut
269 2566 341 2594 illam
364 2566 507 2594 videbatur
522 2575 590 2602 pene
612 2568 745 2601 nimiam;
763 2568 825 2595 dum
847 2568 879 2595 iis
893 2568 1024 2596 duntaxat
1039 2568 1160 2602 praebere
1177 2574 1207 2595 se
1227 2566 1386 2599 videndam.
1401 2569 1428 2593 et
1462 2565 1570 2592 eosdem
1603 2564 1672 2592 alio-

45 2611 91 2646 qui
107 2615 286 2638 consueverat
300 2610 426 2639 libenter.
439 2611 524 2639 Porro
540 2612 682 2646 pecuniam
701 2612 866 2647 pauperibus
880 2613 994 2640 donasse
1012 2613 1169 2646 neutiquam
1202 2617 1340 2643 contenta.
1379 2609 1531 2643 consilium,
1564 2609 1588 2638 si
1625 2613 1669 2637 res

46 2654 140 2688 ferret,
163 2655 273 2690 insuper
292 2656 428 2689 addebat;
452 2661 479 2684 et
498 2664 565 2692 quos
578 2656 648 2685 forte
669 2663 777 2693 vegetos
814 2665 846 2685 ac
881 2658 1022 2686 commode
1050 2657 1175 2685 valentes
1202 2658 1284 2684 vitam
1308 2657 1422 2684 inertem
1457 2655 1501 2682 cib
1545 2655 1678 2691 precario.

47 2704 155 2730 trahere
175 2703 292 2734 videbat.
325 2703 359 2731 iis
381 2704 462 2732 ﬂebat
491 2710 586 2732 auctor
619 2710 649 2732 ut
681 2705 832 2740 profitendo
849 2705 921 2740 apud
947 2713 1004 2733 rem
1029 2705 1161 2733 habentes
1190 2705 1283 2733 labore
1313 2704 1412 2732 victum
1447 2703 1498 2732 sibi
1542 2703 1667 2731 mercede

82 2750 91 2766 ’
106 2749 185 2777 Prov.
207 2756 284 2782 xm,
301 2749 334 2776 l0
346 2757 421 2785 seqq.

81 2843 103 2863 μ
572 2797 670 2830 Var-ite
685 2798 839 2832 lectiones
857 2807 896 2831 ex
910 2798 982 2831 eod.
1000 2797 1128 2830 Coislin.

121 2845 149 2863 ιι,
158 2845 198 2863 ιειτι

120 2845 149 2874 ιν
158 2845 208 2880 τῷ.
