1853 3036
225 119 274 153 971

882 122 994 153 ANNi‘E
1018 124 1212 155 COMNEN/E

1083 125 1212 155 lNEN/E
1784 134 1814 165 9ῖὲ

224 186 304 207 cursu
320 179 428 207 concito
450 179 585 207 terebant.
614 178 808 214 Exploratores
829 178 955 207 Cantacu:

1082 181 1298 219 ἰαντακουζηνοῦ
1325 186 1422 211 σκοποὶ
1440 184 1586 221 (βάρϐαροι
1602 186 1630 213 δὲ
1650 185 1725 222 ἦσαν,
1740 189 1813 225 ὁλότος

225 225 349 254 homines
373 224 504 258 barbari,
536 229 566 252 ut
596 225 696 253 dictant
716 230 776 257 est,
810 225 868 252 \‘isu
894 226 1013 260 perculsi

226 271 330 306 trepide
349 275 496 299 recurrunt
512 271 545 298 ad
569 271 664 299 ducem
682 278 779 303 suum;
802 279 853 299 nec
880 277 971 299 tamen
988 272 1013 299 ei

222 319 337 352 primam
352 317 389 345 rei
403 318 529 345 notitiam
546 321 696 349 reservant,
709 317 851 344 autsedati
867 325 932 345 voce
947 318 1012 345 sub-

224 364 307 391 missa
324 363 387 398 quid
404 363 686 395 vidissent'nuntiant,
705 368 734 390 ut
749 363 923 391 cordatorum
950 364 1014 392 ofli.

223 411 297 440 cium
316 414 387 443 erat,
402 409 449 437 sed
467 410 536 438 inter
556 409 643 444 ipsum
661 417 770 437 cursum
788 414 905 438 nterant
922 410 1012 438 anheli

223 463 251 485 et
263 461 334 484 metu
348 456 488 484 examines
503 455 654 482 clamarunt
669 456 763 483 adesse
772 455 876 483 Gallos.
894 455 1013 483 Perculit

223 502 382 538 imprudens
409 509 461 530 vox
479 502 614 529 Romanos
637 501 692 537 jam
717 501 851 534 victores,
867 509 1012 536 arcemque

223 547 343 575 incensis
372 551 511 582 patentem
547 545 653 580 portis,
689 546 855 574 transcensis
888 546 1010 574 invasna

223 594 328 626 muris,
356 593 472 621 extorsit
498 593 624 620 manibus
653 592 834 621 obtinentium
863 601 869 620 :
897 593 1012 628 quisque

222 647 316 667 amens
333 644 439 667 terrore
454 639 543 666 subito
567 638 661 673 pedem
676 638 776 671 refert,
804 639 946 666 victoriam
963 639 1011 666 ab-

222 684 308 718 dicat,
332 692 432 720 equum
456 684 566 720 repetit,
592 684 776 719 adjumeulum
804 685 904 712 velocis
932 685 1010 720 fugae.

220 731 331 759 Collisio
343 736 401 759 erat
413 732 482 758 mira
493 730 670 766 confusioque
682 730 709 757 in
721 738 780 758 sese
791 730 987 758 incurrentium
1001 751 1008 762 ,

222 784 249 807 et
272 786 333 805 cum
350 778 452 812 trepide
468 785 517 811 pro
542 785 572 805 se
597 778 714 811 quisque
739 777 909 809 festinarent,
926 784 1010 812 equos

220 833 270 861 pro
284 826 341 852 suis
355 824 471 856 alienos,
492 829 521 851 ut
536 831 672 858 quemque
688 823 787 858 cuique
802 822 858 850 fons
888 827 915 850 et
931 830 1009 849 error

220 871 384 903 obtulerat,
410 870 637 897 inscendentium.
675 868 862 903 Nequidquam
908 868 1004 896 Canta-
1023 857 1046 887 Β

220 925 341 945 euzenus
357 916 517 951 obequitans
543 916 670 943 obstabat
684 915 840 949 ruentibus,
858 919 885 943 et
908 923 988 942 manu
1000 934 1007 946 ,

222 970 288 991 voce
299 983 306 996 ,
331 966 398 990 nutu
411 969 506 990 omnes
523 961 683 994 admonens,
700 961 813 989 reddere
826 961 1007 989 constantiam

219 1015 291 1037 metu
310 1009 429 1043 abreptis
444 1009 541 1043 panico
563 1008 696 1036 certabat.
721 1007 785 1035 Este
812 1008 879 1040 viri,
898 1008 1006 1041 aiebat,

201 1075 202 1083 η
218 1064 234 1084 e
249 1060 327 1090 poeta
338 1059 474 1089 repetens,
487 1060 510 1081 et
520 1055 612 1088 ρνὶεείε
625 1063 751 1081 memores
763 1054 866 1081 virtutis
876 1055 903 1081 in
914 1054 1007 1086 armis;

218 1102 266 1130 sed
293 1101 411 1133 canebat
437 1101 536 1133 surdis,
565 1104 593 1128 et
614 1100 691 1128 ducis
720 1099 788 1127 nihil
812 1107 866 1128 non
885 1100 1008 1127 conantis

217 1147 380 1175 ittduStriam
412 1146 557 1173 oblitorutn
583 1145 667 1173 officii
700 1146 815 1173 militum
839 1146 1006 1182 perturbatio

218 1194 354 1221 vincebat.
386 1192 434 1219 ille
457 1198 544 1220 tamen
571 1200 603 1220 ne
630 1197 694 1220 tunc
721 1193 829 1228 quidem
856 1192 1006 1227 desperans

214 1241 308 1267 omnia
330 1249 338 1268 :
366 1238 449 1271 Esto,
482 1239 584 1272 inquit,
608 1238 705 1266 milites
729 1247 829 1266 eamus.
858 1238 943 1274 Fuga:
966 1247 1006 1266 me

216 1287 315 1313 socium
342 1285 479 1312 habebitis.
498 1284 550 1312 Sed
580 1292 626 1311 cur
655 1289 757 1312 nostras
771 1285 908 1312 machinas
937 1285 1005 1312 hosti

213 1331 404 1367 relinquimus?
414 1340 460 1358 cur
471 1337 560 1358 nostra
569 1331 643 1366 capia
654 1330 746 1358 Gallos
758 1340 891 1359 armamus
899 1332 912 1359 Ρ
919 1332 1004 1366 Agite,

217 1380 299 1406 breuis
326 1386 371 1405 nec
386 1378 534 1413 periculosa
559 1385 634 1404 mora
655 1382 704 1404 est.
723 1377 929 1412 Corrumpamus
949 1378 1005 1413 igni

216 1433 274 1460 qua:
288 1433 333 1452 nec
345 1424 435 1451 tuendi
450 1424 565 1456 animus,
583 1432 628 1450 nec
640 1424 767 1458 e/Ierendi
779 1423 895 1458 facultas
905 1425 1003 1452 otium-

215 1481 244 1498 ue
257 1471 380 1506 suppetit;
397 1478 477 1504 neque
493 1469 559 1497 illud
569 1470 649 1504 jubeo
663 1475 810 1502 exspectare
820 1479 863 1497 vos
871 1471 958 1506 quoad
974 1480 1003 1498 ea

214 1520 241 1545 in
253 1519 364 1545 cinerem
375 1516 497 1548 abierint;
505 1517 613 1550 ﬂamma
622 1516 700 1543 semel
711 1516 818 1550 injecta,
829 1525 874 1551 per
883 1525 922 1544 me
931 1517 1003 1549 licet,

214 1565 259 1596 ite,
276 1561 398 1592 recedite;
410 1561 454 1588 sed
470 1569 521 1587 non
536 1565 640 1594 temere,
655 1569 707 1588 non
723 1562 844 1596 turpiter,
859 1563 903 1589 sed
912 1563 1004 1590 decore

215 1609 405 1644 compositeque
424 1609 546 1635 ret-edite.
568 1606 686 1635 Nimium
701 1606 776 1642 aequa
793 1616 907 1643 poscere
927 1609 1001 1636 visus

215 1660 273 1688 est;
290 1658 372 1686 agtmt
391 1653 490 1680 milites
516 1653 587 1687 quod
609 1653 789 1688 jubebantur,
810 1655 879 1681 ultra
908 1655 1001 1687 etiam,

214 1707 244 1728 nt
267 1700 315 1732 fit,
337 1707 417 1734 quam
433 1700 485 1726 dux
501 1703 676 1733 speraverat,
705 1704 784 1734 capto
801 1699 882 1727 semel
901 1700 1001 1734 impetu

213 1746 287 1772 elati.
304 1744 443 1780 Siquidem
471 1751 523 1771 non
542 1743 628 1770 solum
642 1751 706 1771 suas
721 1744 839 1778 ipsorum
852 1744 1001 1778 machinas,

213 1793 260 1820 sed
274 1792 355 1819 etiam
385 1790 495 1818 hestiles
518 1789 598 1825 392
621 1797 704 1817 naves
729 1790 762 1818 ad
790 1789 888 1818 ﬂumen
911 1791 1000 1819 Busen

188 1865 191 1869 κ
214 1842 318 1865 stantes
333 1835 511 1863 incenderunt
525 1856 533 1867 ,
551 1842 604 1862 non
632 1836 729 1871 exiguo
755 1836 926 1864 incommodo
939 1836 1002 1864 Gal-

214 1884 324 1917 lorum,
364 1883 462 1917 quibus
495 1881 568 1908 haud
600 1881 689 1910 facilis
718 1882 844 1917 dcinu'ps
875 1883 1002 1916 trajectus

214 1929 304 1956 amnis
320 1928 380 1963 ejus
397 1927 506 1954 iuturus
519 1927 672 1955 videbatur.
689 1927 726 1954 lta
745 1928 852 1955 demum
866 1928 1002 1956 Cantacu-

212 1982 295 2002 zenus
325 1971 377 2001 rite
404 1978 485 2007 atque
523 1973 648 2000 Ordinate
675 1980 734 2000 cum
764 1974 823 2002 suis
853 1981 868 2001 e
897 1979 1001 2002 terrore

213 2020 352 2055 paulisper
380 2019 507 2053 receptis,
521 2018 594 2046 lento
616 2018 671 2052 jam
685 2024 712 2046 et
728 2019 839 2046 militari
868 2021 999 2048 recedens

213 2068 309 2103 gradu.
321 2065 460 2102 planitiem
472 2065 662 2092 animadvertit
674 2073 728 2093 non
744 2066 822 2101 longe
838 2067 995 2100 distantem,

212 2114 289 2148 cujus
306 2106 375 2141 situs
395 2121 409 2139 a
439 2111 542 2139 dextris
569 2111 671 2139 habens
686 2120 792 2139 amnem
810 2111 976 2140 Cltarzanenl
991 2133 1000 2148 ,

212 2165 348 2197 protectus
372 2168 386 2186 a
409 2159 527 2186 sinistris
551 2158 623 2185 invio
648 2158 736 2192 spatio
761 2159 889 2193 palustris
905 2165 932 2187 et
949 2161 998 2187 uli-

1065 227 1174 262 φθὰσας
1192 229 1323 264 ἐδήλωσε)
1336 229 1573 265 ὲπανατρέχουσιν
1592 231 1758 264 ἀσυντάκτως
1772 235 1814 268 πρός

1064 274 1148 301 αὐτὸν
1158 275 1206 301 καὶ
1219 275 1250 301 ού
1272 276 1471 311 μυστηριωδῶς
1485 277 1549 311 περὶ
1562 276 1616 303 τῶν
1630 277 1756 311 φανέντων
1772 288 1813 306 κατ-

1064 320 1206 356 ήγγελλον,
1217 321 1286 348 ἀλλὰ
1304 322 1445 357 πόρρωθεν
1455 321 1607 356 φωνοῦντες
1615 322 1714 349 τούτων
1723 323 1793 358 ἔφοδον
1800 325 1812 339 π

1063 367 1166 402 ἔλεγον.
1201 367 1381 400 Ἀκούσαντες
1409 367 1438 394 δὲ
1475 370 1499 396 οι
1533 369 1699 404 στρατιῶται
1721 369 1760 404 τὴν
1778 370 1812 396 τῶι

1062 413 1173 441 Κελτῶν
1190 414 1295 449 ἔφοδον,
1312 414 1365 441 κᾶν
1390 415 1444 442 τῶν
1463 415 1563 450 τειχῶν
1592 416 1762 451 ὑπερέϐησαν,
1779 418 1811 443 xiv

1062 460 1111 492 τὰς
1123 461 1210 492 πύλας
1226 461 1395 496 ἐνέπρησαν,
1416 462 1467 488 κᾶν
1486 463 1515 488 ἐν
1527 461 1606 496 χερσὶ
1635 462 1710 488 τοῦτο
1720 462 1811 496 κατέχω-

1061 514 1108 537 τες
1123 503 1193 541 ἦσαν
1215 507 1278 542 ήδη,
1297 507 1354 534 ἀλλ’
1379 507 1628 543 ἑχδειματωθέντες
1648 508 1752 540 ἕκαστος
1768 509 1810 542 πιά

1061 546 1202 580 τδνῚῖδιον
1231 552 1344 589 ἔτρεχεν
1370 554 1464 582 ἵππον.
1498 554 1635 590 Ἔμφοὸοι
1668 554 1695 581 δὲ
1709 555 1810 586 Magni

1063 597 1206 630 συνθέντες
1229 597 1285 634 [ian
1306 599 1498 636 συγχυθέντες]
1513 600 1559 627 τὸν
1578 599 1641 627 νοῦν
1658 600 1744 636 ἅτερος
1760 599 1810 626 θατέ-

1062 652 1111 679 ρου
1131 644 1214 671 ἵππον
1244 645 1398 672 ἐπέϐαινεν.
1414 646 1502 673 Πολλὰ
1531 647 1596 681 γοῦν
1624 647 1639 673 ὁ
1660 647 1810 680 Καντπκουζη-

1061 691 1105 722 νὸς
1125 691 1329 727 ἀγωνισάμενος
1352 694 1399 720 καὶ
1427 693 1528 726 πολλὰς
1555 694 1688 726 ἱππασίας
1706 694 1763 720 κατὰ
1778 693 1810 720 τῶν

1063 737 1323 772 ὲκδειματωθέντων
1356 740 1483 775 ποιήσας,
1528 739 1647 777 Ἀνέρες
1679 740 1748 771 ἕστε,
1774 748 1810 772 τω-

1061 783 1114 810 νῶν
1154 784 1225 812 κατὰ
1263 784 1309 812 τὸν
1348 786 1465 821 ποιητὴν
1483 806 1490 819 ,
1517 786 1673 820 μνήσθητε
1714 785 1809 818 deripiam

1061 829 1169 864 ἀλκῆς,
1198 831 1236 862 ὡς
1272 831 1323 858 οὐκ
1355 831 1486 865 ἔπειθεν,
1513 832 1622 867 εὐφυῶς
1663 831 1758 864 τούτους
1780 833 1809 864 τῆς

1062 877 1159 909 πτοίας
1195 878 1346 913 ἀνήνεγκε,
1373 879 1505 915 φάμενος,
1524 880 1561 912 ὡς
1587 880 1631 906 Οὐ
1660 879 1714 914 χρὴ
1740 879 1810 906 Lint-

1061 923 1127 956 λεις
1152 923 1329 951 καταλιπεῖν
1349 924 1412 958 τοῖς
1437 925 1585 959 ἐναντίοις
1606 927 1670 953 καθ’
1692 926 1762 960 ἡμῶν
1781 925 1810 958 ᾂ-

1062 977 1158 1004 τανα,
1174 969 1254 997 ἀλλὰ
1283 971 1343 1005 πῦρ
1370 973 1415 1005 εὶς
1439 973 1531 1006 αὐτὰς
1552 972 1702 1007 ἐμϐαλεῖν,
1716 969 1809 1006 nitrati-

1063 1024 1121 1049 τως
1146 1017 1363 1051 εὐσυντὰκτως
1385 1019 1564 1053 ὑποχωρεῖν.
1591 1019 1753 1054 Παραχρῆμι
1768 1018 1809 1051 ταῖν

1063 1061 1136 1096 μάλα
1152 1062 1304 1098 προθύμως
1320 1063 1457 1098 ἐπλήρουν
1477 1064 1502 1090 οί
1518 1065 1683 1098 στρατιῶται
1707 1064 1733 1092 τὸ
1753 1072 1809 1098 apes.

1060 1107 1237 1142 ταττόμενον,
1253 1110 1300 1135 καὶ
1328 1108 1359 1134 ού
1374 1109 1424 1142 τὰς
1447 1109 1588 1141 ἑλεπόλεις
1603 1110 1695 1145 μόνον,
1710 1109 1765 1136 ἀλλὰ
1780 1109 1808 1134 nl

1060 1153 1094 1179 τὰ
1104 1153 1176 1179 κατὰ
1194 1153 1241 1179 τὸν
1260 1155 1384 1188 ποταμὸν
1402 1154 1508 1190 Βούσην
1539 1155 1671 1191 ἱστάμενα
1688 1155 1754 1182 πλοῖα
1772 1154 1808 1181 ἐνέ-

1061 1206 1187 1233 πρησαν,
1211 1198 1249 1230 ὡς
1268 1199 1305 1234 μὴ
1336 1199 1438 1234 ῥᾳδίως
1457 1201 1482 1226 οἱ
1509 1201 1607 1228 Κελτοὶ
1622 1202 1744 1237 διαπερᾷν
1758 1201 1807 1227 ἐνθεν

1059 1244 1158 1280 ἔχοιεν.
1170 1245 1256 1277 Αὐτὸς
1269 1245 1298 1272 δὲ
1311 1245 1477 1278 ἁναποδίσα;
1497 1247 1596 1282 μικρὸν
1612 1248 1660 1274 καὶ
1671 1248 1760 1275 πεδιάδι
1774 1247 1808 1273 τινὶ

1059 1290 1179 1326 ἐντυχὼν
1201 1291 1321 1324 δεξιὸθεν
1352 1293 1401 1327 μὲν
1432 1293 1477 1320 τὸν
1504 1293 1674 1328 καλούμενον
1701 1295 1808 1328 Χαρζάνην

1059 1337 1183 1370 ποταμὸν
1198 1337 1310 1373 ἐχούσῃ,
1329 1338 1358 1371 ἐξ
1375 1339 1520 1374 εὐωνύμου
1538 1340 1566 1367 δὲ
1581 1340 1670 1374 ἑλώδη
1685 1340 1740 1368 τινὰ
1753 1339 1808 1366 16m

1059 1383 1105 1409 καὶ
1120 1383 1255 1419 βαλτὼδη,
1271 1385 1318 1412 καὶ
1335 1386 1560 1421 συγχρησὰμενοι
1577 1388 1683 1420 τούτοις
1692 1388 1725 1419 ὡς
1735 1387 1808 1422 ὀχυρώ-

1060 1435 1143 1462 μασιν
1158 1427 1242 1455 αύτοῦ
1259 1438 1311 1456 που
1333 1430 1379 1456 τὸν
1405 1431 1517 1466 χάρακα
1538 1432 1684 1468 ἐπήξαντο.
1707 1433 1808 1466 0ίᾶρη-

1059 1473 1152 1505 θέντες
1169 1474 1268 1502 Κελτοὶ
1279 1477 1356 1512 παρὰ
1377 1477 1415 1513 τῷ
1432 1478 1518 1512 χείλει
1531 1478 1577 1505 τοῦ
1594 1479 1713 1513 ποταμοῦ
1727 1480 1808 1513 γενόμε-

1031 1528 1109 1560 ἲνοι,
1126 1521 1181 1548 τῶν
1210 1521 1313 1550 πλοίων
1343 1523 1395 1559 ήδη
1421 1525 1701 1560 προεμπρησθέντων,
1725 1525 1807 1558 ﬁnali,-

1057 1574 1154 1598 σαντες
1170 1567 1226 1593 τῶν
1253 1568 1371 1595 ἐλπίδων
1397 1571 1546 1605 κεχηνότες
1573 1571 1744 1607 ὑπέστρεφον.
1758 1571 1807 1598 ’οἃ

1055 1612 1103 1640 τοῦ
1121 1613 1294 1648 Βαῖμούντου
1311 1615 1426 1650 ἀδελφὸς
1446 1617 1534 1650 Γίδος,
1552 1619 1587 1645 τὰ
1603 1619 1738 1652 συμὸάντα
1751 1618 1807 1646 παθὸ-

1056 1667 1138 1694 μενος
1155 1660 1221 1695 παρ’
1236 1661 1338 1694 αὐτῶν,
1354 1662 1438 1699 ἄλλην
1453 1664 1599 1699 ἐτράπετο,
1618 1665 1665 1693 καὶ
1678 1666 1807 1702 στρατιώτας

1054 1707 1198 1740 γενναίους
1216 1707 1272 1734 τῶν
1290 1709 1335 1735 ὑπ’
1351 1710 1436 1736 αὑτὸν
1462 1711 1632 1750 διελόμενος,
1654 1714 1716 1749 πρὸς
1733 1712 1807 1747 Ἰεριχὼ

1055 1754 1103 1778 καὶ
1115 1753 1149 1780 τὰ
1160 1754 1268 1782 Κάνινα
1283 1755 1435 1791 ἐξέπεμψε.
1456 1758 1668 1792 Καταλαὸόντες
1683 1758 1724 1786 οὖν
1735 1759 1761 1786 τὰ
1774 1758 1806 1784 ὑπὸ

1052 1799 1100 1826 τοῦ
1119 1800 1300 1836 Κεκαυμὲνου
1321 1803 1432 1840 Μιχαὴλ
1454 1806 1613 1840 τηρούμενα
1624 1807 1805 1842 τέμπηᾷχεῐνςν

1053 1845 1108 1880 γὰρ
1136 1846 1246 1880 φύλακα
1271 1848 1374 1875 τούτων
1402 1851 1556 1886 ἐπέστησεν
1576 1851 1599 1867 ³⁸
1617 1852 1804 1886 όαύτοκράτωρίι

1054 1892 1101 1918 καὶ
1113 1894 1251 1928 συμμάχῳ
1260 1895 1299 1929 τῷ
1307 1895 1382 1931 τόπῳ
1394 1898 1564 1931 χρησάμενοι
1583 1899 1631 1925 καὶ
1646 1899 1803 1935 Θαῤῥήσαντες,

1053 1937 1188 1971 τρέπουσι
1227 1939 1414 1975 ξυμϐαλόντες
1441 1943 1463 1958 ³⁸
1485 1945 1659 1979 κατακράτος
1671 1954 1678 1961 -
1697 1945 1756 1979 ἀνὴρ
1770 1943 1802 1976 γάρ

1053 1981 1157 2014 Κελτὸς
1172 1983 1242 2010 ἐπὰν
1261 1986 1391 2020 στενωπῷ
1402 1987 1460 2018 τοῖς
1489 1988 1600 2023 ἐχθροῖς
1622 1990 1721 2025 ἔτυχεν,
1734 1988 1802 2016 ἀκάθε-

1054 2037 1117 2060 κτος
1143 2029 1259 2063 γίνεται,
1285 2030 1380 2066 ὥσπερ
1416 2033 1444 2059 ὲν
1470 2034 1576 2062 πεδιάδι
1606 2035 1667 2062 λίαν
1696 2037 1802 2063 natura.

1055 2074 1255 2109 Θαρσήσαντες
1269 2075 1326 2108 οὖν,
1343 2078 1381 2114 ᾡς
1396 2079 1463 2114 πρὸς
1476 2081 1524 2106 τὸν
1543 2082 1756 2117 Καντακσιυζηνὸν
1773 2079 1801 2105 αὖ-

1055 2120 1097 2151 θις
1122 2121 1370 2158 ὲπανατρέχουσιν.
1404 2125 1487 2153 Ἐπεὶι
1510 2127 1539 2153 δὲ
1568 2127 1613 2154 τὸν
1641 2128 1719 2155 τόπον
1745 2124 1801 2159 οὗπερ

1053 2165 1171 2199 ἔφθασεν
1188 2167 1202 2193 ὁ
1220 2168 1451 2205 Καντακουζηνὸς
1463 2171 1501 2203 ὡς
1523 2172 1641 2207 είπομεν
1663 2173 1704 2200 τὸν
1726 2172 1801 2207 χάριν-ς

211 2209 299 2244 εἱμοεὶ
313 2207 374 2239 loci,
390 2213 451 2234 cum
462 2210 540 2240 aptus
551 2210 624 2232 esset
635 2205 708 2232 visus
720 2206 873 2234 muniendis
889 2211 942 2234 cast

1067 2212 1191 2247 τήξπσθαι
1225 2214 1263 2250 μὴ
1283 2216 1507 2252 προσϐοηθοῦντα
1534 2205 1643 2251 τούτοις
1664 2205 1798 2254 ἐγνώνιιιεν,

212 2253 310 2280 vallum
328 2252 382 2279 illic
401 2251 469 2278 fixit.
485 2251 570 2278 Porro
583 2250 651 2278 Galli
663 2258 731 2285 quos
749 2250 863 2278 infestos
881 2252 999 2280 movisse

212 2299 245 2324 ad
273 2297 461 2324 liberationem
478 2296 538 2331 Myli
563 2296 680 2323 diximus
692 2315 699 2328 ,
718 2296 762 2324 ubi
781 2298 813 2323 ad
831 2297 904 2330 ripas
923 2296 997 2329 ﬂuvii

210 2343 331 2380 provecti
358 2350 441 2370 nares
471 2349 533 2369 suas
566 2341 692 2370 incensas
726 2348 906 2377 repererunt,
940 2346 996 2378 spei

212 2383 326 2424 impotes
350 2394 377 2415 et
411 2387 512 2415 frustra
543 2387 650 2415 hiantes
682 2389 786 2421 regredi
810 2389 895 2416 coacti
921 2394 995 2417 sunt.

213 2434 311 2463 Verum
335 2434 475 2462 Baimundi
502 2434 587 2463 frater
616 2433 700 2462 Gidus
723 2434 822 2462 auditis
850 2443 909 2470 qua:
924 2436 996 2463 acci-

210 2483 324 2515 derant,
341 2481 393 2508 alia
416 2481 457 2508 via
487 2481 591 2509 hostem
611 2486 702 2516 petere
729 2481 857 2509 decrevit.
888 2481 997 2509 Lectam

207 2528 320 2556 fortium
344 2527 458 2554 militum
469 2547 478 2561 ,
498 2527 591 2562 quales
612 2527 662 2554 sub
677 2535 706 2554 se
723 2527 838 2554 habebat
854 2527 996 2561 plurimos,

208 2582 319 2602 manum
338 2573 484 2607 improviso
507 2573 533 2600 in
549 2572 739 2601 Jerechuntem
758 2578 785 2600 et
802 2574 905 2601 Canina
920 2575 998 2610 jubet

209 2620 325 2647 irruere.
352 2619 539 2655 Obsequentes
567 2619 603 2646 illi
620 2619 703 2647 valles
719 2619 744 2646 in
762 2626 892 2655 angustas
914 2629 997 2655 pene-

210 2670 295 2699 trant,
319 2673 435 2701 quarum
453 2670 513 2693 erat
526 2665 649 2694 Michaeli
670 2666 843 2695 Cecamncno
859 2668 893 2694 ab
909 2669 996 2703 impe-

209 2716 298 2740 ratore
327 2714 450 2741 custodia
472 2712 611 2741 mandata.
642 2712 675 2740 Et
701 2713 787 2741 adfuit
807 2714 850 2741 ille
875 2714 995 2749 quidem,

1052 2258 1248 2294 δειλιάσαντες,
1270 2261 1452 2290 ἀνεϐάλλοντο
1469 2264 1520 2299 τὴν
1535 2265 1636 2301 μάχην,
1667 2267 1694 2293 '0
1703 2266 1727 2292 δὲ
1739 2263 1798 2291 αὗεὼνι

1052 2304 1216 2340 αἰσθόμενος
1235 2307 1284 2341 τῆς
1300 2307 1409 2342 ἐφόδου,
1437 2308 1472 2336 δι’
1488 2310 1554 2345 ὅλης
1582 2313 1679 2344 νυκτὸς
1707 2311 1798 2345 intui“?

1053 2352 1168 2386 στρατιᾷ
1195 2351 1245 2387 τήν
1280 2354 1327 2379 τοῦ
1361 2355 1488 2391 ποταμοῦ
1519 2357 1638 2392 περαίαν
1674 2356 1797 2384 κατέλαξεν.

1057 2397 1150 2424 Ἡλίου
1172 2397 1200 2424 δὲ
1211 2398 1347 2434 ὁρίζοντος
1368 2401 1452 2435 μήπω
1478 2402 1685 2438 ὑπερχύψαντης
1707 2402 1796 2432 asas:

1052 2442 1280 2479 θωρακισάμενος
1295 2445 1342 2472 καὶ
1358 2445 1431 2473 ἅπαν
1444 2448 1561 2480 ὁπλίσας
1574 2450 1605 2475 τὸ
1619 2450 1759 2485 στράτευμα
1766 2446 1796 2479 τὴν

1053 2488 1139 2524 μέσην
1165 2491 1213 2524 τῆς
1245 2492 1427 2526 παρατάξεως
1441 2491 1498 2528 εἶχε
1513 2494 1604 2529 χώραν
1632 2495 1795 2532 προμετώτιις.

1050 2535 1080 2560 Οί
1099 2534 1127 2561 δὲ
1140 2534 1256 2570 Τοῦρκοι
1275 2537 1305 2570 ἐξ
1318 2538 1459 2573 εὐωνύμου
1471 2560 1479 2573 ,
1500 2540 1514 2567 ό
1527 2541 1554 2568 δέ
1585 2550 1616 2576 γε
1640 2542 1739 2572 Ἀλανῦς
1755 2539 1796 2564 Ῥω

1054 2580 1157 2616 σμικης
1170 2582 1198 2607 τδ
1212 2582 1298 2615 δεξιὸν
1315 2584 1403 2612 διεῖπε
1428 2586 1511 2621 κέρας
1538 2589 1607 2620 μετὰ
1621 2588 1674 2614 τῶν
1695 2584 1795 2614 ὑπἀὐτὸι

1049 2626 1215 2661 ὀμοχθόνων.
1240 2629 1309 2661 Τοὺς
1333 2629 1361 2656 δὲ
1383 2631 1489 2663 Σκύθας
1516 2634 1676 2669 προέπεμψε
1692 2630 1795 2660 iterasti“

1049 2672 1171 2705 Κελτῶν,
1183 2675 1374 2711 ἐντειλάμενος
1404 2677 1438 2704 δι’
1459 2678 1658 2714 ἀκροὸολισμοῦ
1680 2678 1794 2706 Eximit!-

1048 2718 1111 2745 σθαι
1127 2719 1240 2753 τούτους
1256 2721 1302 2748 καὶ
1326 2722 1436 2757 βάλλειν
1449 2724 1500 2758 μὲν
1515 2725 1631 2761 συχνῶς,
1646 2723 1793 2759 ὕπεκφεὺγςίτ

721 2781 823 2813 Variae
836 2781 990 2814 lectiones
1004 2793 1044 2816 ex
1059 2788 1128 2820 cod.
1150 2789 1284 2821 Coislin.

239 2839 261 2855 ³⁷
272 2839 389 2868 ἐλευσιν.
425 2842 448 2858 ³⁸
464 2842 588 2877 ἔστησεν.

638 2843 659 2860 ”
672 2843 751 2872 Deest
764 2853 813 2872 vos
831 2845 860 2878 ξυ
866 2845 1028 2880 μεαλόντες.
