1853 3036
16 108 80 141 981

657 111 870 144 ALEXIADIS
889 113 963 147 LIB.
984 116 1072 148 XIII.

1628 116 1681 150 982

15 167 189 204 ἡμάρτανε
217 168 265 196 τοῦ
286 169 411 198 -σκοποῦ,
436 169 528 198 Μέσον
553 170 607 207 γὰρ
634 171 682 198 τοῦ
710 171 832 208 πορθμοῦ

926 174 1019 202 rtium.
1035 175 1125 203 Semel
1150 164 1316 212 iterumque
1332 174 1423 204 Latini
1452 179 1546 212 postea
1574 183 1682 210 quoque

14 214 264 250 καταλαμῦὰνων
278 215 340 242 ἐπεὶ
350 216 413 248 τοὺς
429 216 550 249 Κελτοὺς
560 217 687 253 ὲξουρίας
702 218 835 250 πλέοντας

17 260 110 296 ἑώρα.
130 262 173 289 τά
188 261 212 290 0'
235 263 309 290 ίστία
332 264 558 296 ἀναπετάσαντας
574 264 620 291 καί⁸
649 265 764 300 σφοδρὸν
789 265 836 293 τὸν

16 307 188 335 ἀπόπλουν
212 309 404 344 ποιουμένους,
422 310 472 345 οὐχ
496 307 553 342 οἷός
576 319 605 338 τε
625 308 660 347 ἦν
684 312 755 347 πρὸς
770 312 836 344 τοὺς

16 352 168 386 Κελτοὺς
185 354 243 390 ἅμα
257 355 303 381 καὶ
320 356 384 387 τοὺς
411 356 528 391 ἀνέμους
555 357 747 393 ἀπομάχεσθαι
765 358 837 386 κατὰ

17 399 160 435 πρῶραν
181 401 229 428 τοῦ
256 401 413 437 πνεύματος
436 403 604 438 ἱσταμένου·
628 404 690 431 οὐδὲ
708 405 762 440 γὰρ
790 406 836 432 τὸν

23 446 189 479 Ἡρακλέα
205 447 273 482 πρὸς
289 447 337 474 δύο
361 448 428 482 φασί
443 457 450 465 ο
466 450 500 484 τῇ
515 448 559 485 βίᾳ
582 450 673 476 τοίνυν
690 451 737 477 τοῦ
751 451 836 478 πνεύ-

21 502 125 528 ματος
143 494 309 529 παλίνορσος
330 495 445 529 ἐγίνετο.
465 495 527 522 Ἐπὶ
548 496 657 529 τούτοις
671 498 685 524 ὁ
699 499 836 534 αὐτοκρά-

20 549 86 575 τωρ
110 540 268 576 διεπρίετο.
282 542 418 576 Διαγνοὺς
439 542 468 568 δὲ
482 543 522 569 ὅτι
547 543 598 579 οὐχ
613 545 681 570 ὅπου
700 545 835 580 προσήκοι

20 587 74 613 τὸν
95 584 263 621 Ῥωμαϊκὸν
281 588 375 615 στόλον
392 589 406 616 ό
423 589 631 625 Κοντστέφανος
644 591 835 626 προσώρμισε,

23 633 78 660 καὶ
109 633 163 660 διὶ
187 634 267 661 τοῦτο
281 635 363 662 αὑτὸν
379 636 404 662 οἱ
418 636 490 662 νότοι
516 636 701 672 ἀπείργουσιν
724 637 836 665 εὔθετον

23 682 88 712 τοῖς
121 681 241 713 Κελτοῖς
269 680 369 716 μᾶλλον
394 682 441 709 τὸν
457 683 542 710 πλοῦν
566 685 762 720 παρεχόμενοι⁹
778 685 836 712 δια-

24 726 152 760 γράψας
167 727 217 762 τὴν
235 728 285 762 τῆς
299 727 503 765 Λογγιὸαρδίας
517 729 596 765 ἠϊόνα
618 731 666 758 καὶ
682 730 729 758 τοῦ
751 731 836 759 Ἰλλυ-

27 771 131 806 ρικοῦ,
149 774 195 799 καὶ
212 774 276 805 τοὺς
290 775 357 809 παρ’
375 775 495 808 ἑκάτερα
507 775 699 809 διακειμένους
711 776 835 810 λιμένας,

24 818 188 845 ἀπέστειλε
209 819 248 853 τῷ
269 816 485 857 Κοντοστειράνῳ
516 821 663 855 ὑποδείξας
688 823 718 850 ὲν
740 823 835 859 γράμ-

28 873 117 898 μασι,
140 865 186 892 καὶ
200 866 261 892 ὅποι
279 866 321 893 δεῖ
339 868 526 903 προσορμίσαι
542 869 591 901 τὰς
608 869 686 902 ναῦς,
704 871 751 896 καὶ
773 870 835 897 ὅθεν

25 911 135 946 οὐρίου
161 912 232 948 τύχῃ
249 912 296 939 τοῦ
317 913 475 949 πνεύματος
501 916 571 942 κατὰ
600 915 655 942 τῶν
672 915 836 949 διαπλωῖζο-

28 959 130 993 μένων
148 960 261 986 Κελτῶν
284 960 419 996 ἐξορμῶν.
442 961 577 998 Ἀνὲρωσέ
602 962 659 999 [ῖσ.
678 963 834 1001 ἀνέρρωσε]

25 1013 58 1032 τε
88 1006 175 1038 αὖθις
204 1008 250 1034 τὸν
270 1008 494 1043 Κοντοστέφανον
526 1011 572 1036 καὶ
602 1010 685 1046 ἔργου
710 1011 835 1046 ἅψασθαι

27 1052 193 1080 ἀνέπεισεν.
215 1054 456 1089 ’Λνακτησάμενος
469 1055 516 1082 οὗν
533 1056 630 1084 ἑαυτὸν
653 1057 667 1083 ὁ
697 1057 834 1090 Ίσαάκιος

27 1098 81 1123 καὶ
94 1099 266 1126 καταλαὸὼν
290 1097 377 1135 οὗπερ
390 1102 403 1127 ό
428 1101 612 1137 αὐτοκράτωρ
641 1101 727 1137 αὐτῷ
741 1111 832 1138 παρε-

28 1143 191 1171 κελεύσατο
214 1146 263 1177 τὰς
279 1146 345 1178 ναῦς
371 1146 554 1181 προσώκειλε.
573 1148 628 1175 Καὶ
650 1149 747 1184 καιρὸν
771 1150 835 1176 ἑπι-

28 1191 163 1225 τηρήσας
180 1192 298 1226 ὁπηνίκα
314 1193 339 1219 οἱ
354 1192 407 1219 ἀπὸ
424 1193 627 1229 Λογγιὸαρδίας
645 1194 714 1229 μετὰ
731 1195 835 1232 πολλῆς

30 1238 226 1272 παρασκευῆς
262 1239 329 1273 πρὸς
365 1240 396 1266 τὺ
434 1239 584 1275 Ἰλλυρικὸν
614 1240 661 1267 τὺν
690 1242 833 1269 ἀπόπλουν

29 1283 190 1316 ἐποιοῦντο,
207 1284 309 1319 ἀνέμου
337 1284 427 1317 δεξιοῦ
453 1286 609 1320 τηνικαῦτα
636 1288 830 1321 ἐπιπεσόντος,

31 1329 145 1364 δέχεται
163 1330 278 1363 τούτους
295 1332 343 1358 ἰοὖ
363 1332 488 1368 πορθμοῦ
518 1333 610 1368 μέσον,
635 1335 683 1361 καὶ
706 1334 767 1362 τινὰ
783 1335 834 1369 μὲν

30 1376 89 1402 τῶν
129 1377 286 1412 λῃστρικῶν
327 1379 428 1406 πλοίων
461 1380 642 1415 πυρίκαυστα
674 1382 832 1417 πεποίηκε·

32 1421 124 1447 πλείω
140 1422 169 1447 δὲ
187 1423 233 1449 καὶ
248 1422 388 1459 αὕτανδρα
403 1424 442 1459 τῷ
457 1424 532 1460 βυθῷ
545 1425 737 1461 παρέπεμψεν.
746 1426 832 1454 Οὔπω

32 1468 124 1496 ταῦτα
140 1470 309 1504 μεμαθηκὼς
327 1472 341 1498 ὁ
362 1471 502 1507 βασιλεὺς,
517 1473 586 1500 ἀλλὰ
603 1474 672 1508 πρὸς
697 1474 731 1501 τὰ
755 1475 833 1510 παρὰ

887 227 995 248 cursum
1008 225 1114 263 rectum
1130 225 1157 263 et
1178 222 1339 250 incolumem
1355 229 1386 249 ex
1402 221 1476 249 [talia
1495 221 1521 249 in
1544 220 1680 257 Illyricum

888 260 1019 300 habuere,
1046 260 1273 295 frustra‘obstare
1299 273 1396 295 conata
1425 266 1548 294 Romana
1580 267 1678 294 classe.

889 313 1065 341 Promoverat
1091 322 1149 342 eam
1170 314 1279 350 quidem
1297 313 1417 342 lsaacius
1446 313 1472 341 in
1500 314 1596 342 fretum
1623 321 1681 340 me-

889 359 960 387 dium
985 360 1093 387 obviam
1113 364 1207 388 contra
1231 360 1368 396 naviganti
1389 360 1517 393 Gallicae;
1541 359 1589 387 sed
1617 367 1679 386 cum

889 407 959 434 hanc
975 411 1072 435 ventus
1090 415 1104 434 ο
1119 407 1200 442 puppi
1216 407 1351 435 secundus
1365 407 1453 434 valide
1467 406 1587 442 pelleret,
1605 406 1677 434 illam

889 453 960 480 idem
977 461 1086 486 aprora
1112 454 1259 481 vehemens
1285 452 1412 485 diillaret,
1447 457 1542 480 contra
1572 456 1680 479 ventum

888 503 915 526 et
927 499 1033 527 hostem
1050 507 1170 534 pugnare
1184 499 1265 527 simul
1281 499 1348 526 ratio
1365 507 1415 526 non
1429 498 1488 532 fuit,
1503 497 1631 533 quoniam
1650 504 1683 524 ne

888 545 1017 573 Hercules
1044 546 1155 581 quidem
1180 546 1262 581 (quod
1287 545 1340 573 dici
1369 545 1447 580 solet)
1477 549 1572 572 contra
1600 544 1680 571 duos.

888 592 982 627 Itaque
1008 592 1136 620 cedentes
1166 591 1322 619 necessario
1350 590 1478 622 Romani,
1504 597 1600 625 purum
1628 589 1681 616 iter

888 638 1059 674 liberumque
1084 638 1186 666 Italicis
1204 638 1340 674 reliquere
1364 637 1487 665 navibus.
1513 636 1681 671 Bingebatur

888 685 922 713 iis
947 685 1066 720 acceptis
1086 685 1257 720 imperator;
1291 689 1319 712 et
1346 689 1466 711 erratum
1495 690 1510 710 a
1536 682 1681 710 Contoste-

888 731 980 767 phano
996 731 1148 767 intelligens
1169 731 1196 759 in
1221 731 1338 759 statione
1355 734 1417 766 apta
1440 729 1519 757 classi
1533 737 1588 757 suae
1613 727 1680 756 deli-

888 781 986 816 genda,
1005 780 1122 808 tabulam
1136 779 1279 814 utriusque
1298 786 1354 806 orae
1367 777 1492 807 littoralis
1514 775 1657 803 maritima:
1670 795 1678 808 ,

890 826 1061 862 lliyricianaz,
1075 826 1196 861 inquam,
1224 825 1293 853 etei
1314 824 1436 852 adversm
1457 821 1678 858 Longobardicre.

888 880 950 901 cum
962 873 1064 901 notatis
1076 872 1205 907 utrinque
1219 871 1338 912 regionis
1349 870 1490 905 utriusque
1504 868 1634 904 portubus
1646 867 1678 893 ad

887 927 949 947 eum
961 919 1038 947 misit
1056 927 1064 946 :
1083 918 1183 946 litteris
1197 919 1348 946 admonens
1372 916 1470 951 quibus
1489 916 1515 942 in
1536 914 1604 942 locis
1619 914 1680 947 qui-

888 966 973 994 busve
996 964 1160 993 stationibus
1185 969 1278 992 tenere
1291 971 1324 992 ex
1344 963 1466 991 excubiis
1482 969 1563 989 naves
1579 959 1679 987 Roma-

887 1020 936 1040 nas
946 1017 1094 1047 oporteret,
1111 1016 1140 1039 111.
1155 1019 1194 1039 εκ
1208 1019 1370 1046 quocunque
1380 1015 1462 1038 vento
1475 1009 1633 1044 navigantes
1645 1014 1678 1034 ex

887 1058 962 1086 Italia
974 1058 1093 1086 Gallicas
1107 1065 1202 1086 arcere
1223 1062 1344 1093 possent.
1363 1056 1440 1091 Cepit
1467 1054 1595 1086 Isaacius,
1615 1061 1677 1081 cum

887 1105 929 1141 his
943 1105 1090 1140 postremis
1104 1105 1216 1132 monitis
1237 1103 1427 1138 acquievisset,
1447 1102 1566 1129 fructum
1583 1099 1677 1127 docili-

886 1152 951 1179 tatis
966 1159 1033 1180 suae.
1059 1151 1126 1178 Nam
1148 1151 1294 1179 observato
1321 1154 1440 1184 tempore
1468 1155 1522 1183 quo
1550 1147 1678 1182 trajectus

885 1204 962 1224 novae
975 1196 1009 1224 ab
1023 1196 1210 1230 Longobardia
1229 1195 1376 1230 parabatur
1388 1193 1495 1226 classis,
1516 1192 1605 1220 locttm
1625 1191 1676 1219 sibi

886 1243 999 1276 suisque
1016 1251 1049 1270 ex
1067 1241 1242 1277 imperatoris
1266 1240 1382 1268 consilio
1397 1239 1531 1266 delectum
1549 1237 1677 1272 sumpsit.

885 1289 950 1316 lude
966 1293 1054 1316 autem
1071 1287 1280 1322 procedentibus
1303 1293 1433 1321 prospero
1453 1290 1596 1312 ventorum
1611 1282 1675 1310 ﬂatu

884 1334 1022 1364 Gallorum
1037 1336 1151 1363 navibus
1167 1334 1260 1362 multis
1281 1338 1309 1362 et
1329 1337 1460 1368 apparatu
1491 1331 1597 1359 onustis
1617 1329 1677 1365 plu-

885 1383 966 1413 rimo.
986 1381 1099 1409 infestus
1115 1382 1244 1416 ingruens
1262 1387 1342 1407 cursu
1365 1380 1392 1406 in
1418 1378 1518 1409 medio,
1548 1376 1677 1412 piratiras

885 1434 978 1454 eorum
999 1427 1131 1461 quasdam
1159 1425 1290 1458 incendit,
1317 1425 1408 1459 plures
1430 1431 1492 1450 cum
1521 1422 1677 1450 vecteribus

886 1473 1029 1508 depressit.
1048 1472 1105 1500 Hoc
1129 1479 1284 1507 quanquam
1313 1471 1347 1498 ita
1368 1469 1471 1498 lsaacio
1495 1471 1674 1499 successerat,

34 1515 84 1542 τοῦ
104 1516 283 1551 Λαντοὺλφου
304 1518 458 1553 γραφέντα,
473 1519 521 1546 καὶ
544 1519 628 1546 αὐτοῦ
644 1520 739 1552 δουκὸς
761 1514 832 1557 Δυρο

926 1528 976 1547 nen
992 1527 1053 1546 cum
1067 1519 1256 1546 accusationes
1273 1517 1299 1544 in
1315 1524 1376 1544 eum
1392 1514 1550 1549 Lantulphi,
1578 1520 1676 1541 conso-

38 1562 136 1596 ραχίου
154 1563 314 1598 ἐγκείμενον
335 1563 404 1599 ἔχων
421 1564 469 1591 τὸν
491 1565 564 1597 νοῦν,
584 1566 678 1601 ἐτέρου
700 1566 832 1602 λογισμοῦ

36 1608 159 1641 γεγονὼς
174 1610 346 1645 παραχρῆμα
360 1610 406 1636 τόν
423 1610 474 1646 ἤδη
491 1610 612 1646 ῥηθέντα
626 1612 768 1648 Μαριανὺν
783 1614 830 1640 τὸν

35 1654 302 1690 Μαυροκατακαλὼν
329 1657 584 1692 μεταπεμψάμενος
610 1658 717 1685 ἐκεῖθεν
741 1659 831 1687 Δοῦκα

36 1700 83 1726 τοῦ
112 1701 208 1728 στόλου
230 1702 436 1738 προχειρίζεται
452 1725 459 1736 ,
486 1703 519 1730 τὰ
545 1704 573 1730 δὲ
597 1705 647 1739 τῆς
676 1705 833 1740 Πετρούλας

37 1747 124 1784 ιτέρςρ
156 1748 327 1783 ἀνατίθησιν.
353 1742 439 1780 Οὗτος
461 1747 508 1776 οὖν
530 1749 658 1777 ἀπελθὼν
685 1751 734 1777 καὶ
757 1752 830 1778 κατά

37 1800 99 1819 τινα
123 1794 272 1828 συντυχίαν
287 1794 369 1826 εὐθὺς
383 1795 504 1830 ἐντυχὼν
524 1796 584 1828 ταῖς
607 1797 661 1823 ἀπὸ
677 1796 834 1834 Λογγιὸαρ-

37 1838 97 1870 δίας
110 1839 181 1874 πρὸς
195 1840 241 1866 τὸν
260 1840 429 1875 Βαῖμοῦντον
445 1841 694 1877 διαπλωῖςομέναις
716 1843 830 1880 λῃστρι-

39 1887 101 1917 καῖς
113 1887 162 1913 καὶ
175 1888 321 1922 φορτηγοῖς
334 1889 425 1921 ναυσὶ,
441 1889 576 1924 κατέσχεν
592 1889 701 1921 ἁπάσας
716 1890 833 1926 πλήρεις

40 1933 179 1959 παντοίων
213 1933 364 1967 ἐδωδίμων.
391 1934 446 1960 Καὶ
479 1934 526 1961 τοῦ
558 1935 654 1961 λοιποῦ
689 1935 832 1972 ἄγρυπνος

41 1977 129 2011 φύλαξ
146 1977 193 2004 τοῦ
209 1978 369 2012 ἀναμεταξί)
387 1979 592 2015 Λογγιὸαρδίας
614 1981 662 2008 καὶ
681 1981 831 2018 Ἰλλυρικοῦ

41 2024 166 2059 πορθμοῦ
181 2025 334 2060 τυγχάνων,
351 2025 382 2052 οὐ
404 2025 554 2061 συνεχώρει
581 2026 611 2053 τὸ
628 2028 759 2063 παράπαν
776 2031 832 2062 τοῖς

42 2071 154 2103 Κελτοῖς
167 2073 214 2098 τὴν
233 2072 301 2108 πρὸς
317 2073 347 2099 τὸ
360 2073 513 2109 Δυρράχιον
530 2074 681 2104 ἀπόπλουν.

81 2165 113 2191 '0
132 2164 161 2190 δέ
185 2172 216 2198 γε
245 2164 434 2199 αὐτοκράτωρ,
449 2165 513 2200 περὶ
538 2165 600 2197 τοὺς
622 2167 760 2202 πρόποδας
778 2169 832 2196 τῶν

43 2211 208 2245 κλεισουρῶν
233 2211 279 2237 καί
309 2211 380 2238 κατά
410 2211 460 2246 τὴν
484 2211 614 2238 Δεόιόολιν
644 2213 829 2248 αὐλιζόμενος,

42 2256 149 2292 ἀπῆγχε
162 2257 211 2292 μὲν
242 2256 306 2288 τοὺς
337 2257 515 2292 προχωρῆσαι
536 2258 575 2292 τῷ
592 2258 751 2294 Βαΐμούντῳ
766 2259 828 2286 ὡδί-

43 2312 152 2335 νοντας·
174 2303 240 2329 ὡσεὶ
257 2303 382 2336 νιφετοὺς
396 2302 423 2328 δὲ
439 2303 508 2338 πρὸς
520 2303 583 2336 τοὺς
600 2304 649 2335 τὰς
670 2305 831 2340 κλεισούρας

43 2351 206 2384 ἐξέπεμπεν,
234 2350 343 2384 ἑκάστῳ
371 2349 567 2384 ὑποτιθέμενος
589 2351 704 2383 ὁπόσους
721 2352 760 2384 εἰς
780 2353 830 2388 τὴν

45 2397 156 2424 πεδιάδα
184 2396 338 2432 Δυρραχίου
365 2395 572 2427 ἐξαποστέλλειν
596 2396 668 2424 κατὰ
688 2397 736 2424 τοῦ
764 2397 830 2424 Βαῖ-

47 2444 159 2478 μοὺντου
184 2443 233 2470 καὶ
250 2443 342 2470 όπιιῖον
362 2442 393 2469 τὸ
418 2442 465 2468 τοῦ
482 2442 603 2477 πολέμου
630 2443 724 2479 σχῆμα
737 2444 832 2471 διατυ-

47 2490 122 2522 ποῦν,
146 2490 209 2520 τοὺς
225 2488 444 2524 κατερχομένους
465 2488 518 2523 χρὴ
535 2489 564 2514 ὲν
581 2488 619 2523 τῷ
634 2489 769 2524 μάχεσθαι
798 2491 833 2518 τὰ

47 2536 157 2563 πλεῖστά
171 2544 201 2562 τε
222 2535 458 2570 προτρέχεινίτοῖς
478 2534 571 2565 ἵπποις
589 2535 636 2561 καὶ
653 2533 733 2567 αὖθις
748 2536 832 2563 ἀνθυ-

50 2583 196 2615 πονοστείν,
217 2583 265 2608 καὶ
281 2582 352 2608 οὕτω
368 2581 449 2608 πάλιν
464 2581 510 2607 καὶ
529 2581 611 2608 πάλιν
625 2582 770 2615 ποιοῦντας
789 2583 833 2611 διὰ

47 2629 91 2663 τῆς
106 2628 212 2661 τοξείας
232 2627 383 2662 μάχεσθαι·
401 2629 465 2660 τοὺς
486 2628 514 2655 δὲ
533 2628 567 2654 τὰ
583 2628 686 2663 δόρατα
697 2629 833 2664 φέροντας

48 2673 154 2701 ὖπισθεν
172 2674 263 2701 αὐτῶν
278 2674 373 2710 βραδεῖ
390 2675 452 2701 ποδὶ
468 2675 595 2710 στείχειν,
607 2675 651 2708 ἵν’,
667 2676 693 2702 ετ
705 2684 757 2702 που
787 2676 834 2710 γέ-

50 2729 125 2756 νηται
150 2722 206 2752 τοῖς
233 2721 356 2753 τοξόταις
376 2721 459 2748 πλέον
480 2721 527 2748 τοῦ
557 2721 662 2753 δέοντος
689 2721 758 2757 πρὸς
783 2722 834 2754 τὰς

49 2767 152 2794 ὄπισθεν
183 2768 386 2803 παρασυρῆναι,
414 2767 546 2803 δέχωνται
573 2767 694 2800 τούτους,
723 2767 781 2803 ἃμα
806 2768 834 2794 δὲ

51 2815 94 2840 καὶ
109 2815 156 2840 τὶν
182 2815 220 2846 εἱς
247 2816 343 2849 χεῖρας
367 2813 470 2841 τούτων
501 2815 566 2846 ictu;
591 2813 703 2841 ἐλθόντα
729 2814 831 2841 Kal-rev

53 2862 197 2898 πλήττιιεν.
217 2862 396 2899 Ἐπεχορῆγει
419 2862 447 2889 δὲ
473 2862 569 2899 δαψιλῆ
594 2863 698 2895 τοίτοις
726 2863 758 2889 τὰ
775 2862 838 2899 βέλη

885 1567 928 1593 nis
950 1573 1058 1600 quoque
1075 1565 1152 1592 ducis
1173 1562 1398 1598 Dyrrhachiensls
1419 1561 1584 1590 conﬁrmatae
1609 1567 1675 1595 que-

885 1612 960 1643 relis,
976 1612 1125 1639 insiderent
1141 1610 1165 1636 in
1181 1609 1294 1643 Augusti
1312 1608 1404 1635 animo
1418 1607 1509 1638 altius,
1524 1605 1632 1633 tandem
1650 1605 1673 1632 is

885 1663 990 1685 unitato
1018 1661 1127 1691 rcpcule
1157 1655 1272 1682 consilio
1303 1653 1438 1682 retinendi
1467 1653 1569 1681 diutius
1586 1652 1612 1678 in
1630 1651 1675 1678 illa

885 1703 968 1731 maris
982 1703 1143 1737 praefectura
1164 1698 1573 1734 Contostephanihaccersitum
1595 1704 1675 1732 quem

885 1750 965 1778 modo
981 1749 1191 1776 memoravimus
1208 1747 1290 1783 397
1304 1746 1456 1773 Marianum
1472 1743 1675 1771 Maurocatalo-

885 1805 945 1824 nem
962 1796 1058 1823 ducem
1075 1794 1169 1822 classis
1183 1798 1269 1824 creat,
1298 1792 1414 1820 Petrulaa
1429 1791 1548 1818 visendas
1566 1789 1676 1825 negotio

884 1842 961 1870 alteri
976 1841 1112 1868 mandato.
1129 1840 1267 1866 Mari-anus
1287 1839 1312 1866 in
1338 1836 1504 1873 provinciam
1517 1836 1572 1863 cito
1588 1834 1677 1869 prol'e-

884 1895 944 1917 ctus
959 1895 1070 1922 operam
1088 1887 1206 1914 uavavit.
1229 1884 1337 1913 Etenim
1353 1883 1534 1919 deprehensas
1549 1882 1576 1909 in
1594 1888 1675 1908 cursu

884 1935 1015 1972 piraticas
1026 1934 1222 1968 onerariasque
1243 1932 1361 1961 Gallicas
1386 1934 1557 1958 comeatuum
1573 1927 1675 1963 ingenti

884 1983 910 2010 vi
925 1982 1039 2010 refertas
1054 1981 1242 2016 cepitomnes,
1261 1979 1380 2014 vigilque
1405 1977 1503 2005 deinde
1527 1983 1559 2003 ac
1585 1979 1676 2002 certus

884 2034 975 2057 custos
986 2028 1078 2055 Italico
1092 2027 1162 2055 freto
1174 2026 1307 2054 incubans
1318 2031 1398 2052 omne
1413 2024 1505 2058 utique
1517 2021 1674 2050 Italicarum

884 2075 993 2102 paviunt
1009 2081 1024 2101 a
1039 2072 1303 2109 Dyrrhachieusibus
1326 2069 1469 2098 Baimuudi
1485 2068 1583 2097 castris
1597 2067 1677 2103 plane

883 2122 1012 2155 deinceps
1025 2119 1217 2148 commercium
1233 2117 1352 2152 abrupit.

926 2167 1011 2194 Porro
1032 2166 1181 2201 imperator
1207 2164 1316 2191 interim
1344 2162 1455 2191 Deaboli
1483 2161 1628 2189 considens
1648 2160 1675 2188 in

886 2213 1008 2248 proxima
1027 2212 1125 2239 vicinia
1142 2211 1324 2239 claustrorum
1342 2210 1400 2237 sive
1415 2208 1588 2240 clisurarum,
1606 2214 1676 2243 quas

887 2259 984 2292 ﬁrmis,
1006 2258 1043 2286 uti
1060 2257 1188 2290 diximus,
1204 2257 1340 2292 praesidiis
1363 2255 1509 2288 munierat,
1534 2254 1674 2289 haudqua-

885 2313 965 2339 quam
981 2304 1038 2340 ipse
1056 2302 1170 2331 vacabat
1186 2310 1268 2337 opere
1280 2321 1288 2335 ,
1304 2302 1350 2329 sed
1367 2301 1543 2336 praecipuum,
1562 2300 1586 2328 si
1600 2304 1676 2327 recte

885 2352 947 2386 quis
965 2351 1093 2382 aestimet,
1108 2349 1142 2376 ad
1167 2349 1230 2377 belli
1259 2356 1393 2376 summam
1419 2352 1585 2375 momentum
1609 2345 1676 2374 alre-

886 2397 974 2425 rebat.
993 2396 1176 2430 Praeterquam
1199 2395 1269 2422 enim
1297 2396 1369 2429 quod
1397 2394 1562 2428 impediebat
1582 2393 1676 2427 utique

886 2444 983 2471 castris
999 2450 1032 2470 eo
1049 2443 1108 2470 loco
1121 2442 1217 2477 positis
1232 2449 1265 2468 ne
1282 2441 1350 2468 ullus
1365 2448 1397 2468 ex
1416 2439 1530 2468 infensis
1547 2439 1598 2467 sibi
1614 2439 1676 2473 plu-

884 2491 960 2518 rimis
977 2494 1004 2517 et
1017 2489 1183 2516 rebelliones
1202 2487 1421 2523 parturientibus
1446 2487 1617 2522 transfugere
1639 2486 1674 2514 ad

882 2536 1076 2568 Baimnndum,
1092 2542 1154 2562 cum
1176 2541 1262 2569 coque
1285 2534 1355 2561 vires
1380 2541 1412 2561 ac
1436 2533 1549 2561 consilia
1582 2538 1676 2568 posset

882 2584 1012 2619 jungere:
1025 2582 1145 2610 subsidia
1158 2582 1240 2609 etiam
1253 2580 1496 2616 supplementaque
1506 2580 1674 2608 creberrima

884 2629 1036 2658 recentium
1051 2629 1161 2656 assidue
1180 2628 1295 2655 militum
1319 2628 1345 2655 in
1363 2628 1446 2655 horas
1467 2635 1536 2663 pene
1553 2628 1675 2662 singulas

883 2677 1045 2713 suggerebat
1075 2677 1133 2705 suis
1157 2676 1270 2703 ciisuras
1293 2673 1490 2708 obtinentibus,
1512 2674 1610 2710 quibus
1637 2675 1675 2703 illi

885 2724 956 2751 aucti
974 2724 1043 2751 ultra
1061 2723 1210 2751 custodiam
1227 2722 1433 2750 commissarum
1459 2722 1575 2756 arcium,
1594 2722 1675 2750 etiam

891 2769 924 2795 ad
942 2768 1112 2796 lacessendos
1130 2769 1223 2796 hostes
1236 2767 1402 2802 quotidianis
1426 2767 1580 2805 incursibus
1594 2775 1678 2803 para-

888 2819 942 2842 tam
967 2819 993 2841 et
1008 2813 1125 2841 alacrem
1153 2813 1352 2841 multitudinem
1379 2812 1525 2841 habebant.
1553 2813 1678 2842 Addebat

894 2868 953 2890 eam
972 2861 1058 2896 ipsam
1074 2861 1106 2889 ad
1128 2868 1184 2889 rem
1209 2865 1343 2897 przcccpta
1365 2861 1513 2897 imperator
1536 2861 1676 2896 salutaria,
