1853 3036
20 90 91 122 1005

622 90 829 122 ALEXlADlS
850 91 921 123 LIB.
939 93 1028 124 XIII.

1572 99 1643 132 1006

20 145 100 179 ιι)ροῦ
124 144 248 171 ’ῐωάεηνου
275 143 322 170 τοῦ
343 144 603 180 Πορφυρογεννήτου
618 153 625 159 ·
647 146 681 180 ἢν
698 145 751 182 ἅμε

912 147 1016 175 εειίιιιτςι
1032 148 1097 176 mihi
1116 149 1258 178 confertur
1275 157 1323 186 per
1337 146 1438 180 Bullam
1456 154 1572 183 Auream
1587 164 1643 183 nni-

20 190 125 223 ῐίνητον
146 190 193 216 καὶ
213 190 363 216 ἀσάλευτον
382 190 510 224 καθέξειν
526 190 741 226 ὲπισχνούμενος
753 200 804 218 κα-

20 236 103 271 ιάπερ
126 235 252 270 ἄγκυραν
281 235 402 271 ἀσφαλῆ.
429 237 484 262 Καὶ
504 236 548 263 ἵνα
571 237 737 264 ὲπαναλάϐω
759 237 806 264 τὸν

20 281 94 314 ,ό-ίον
114 282 281 317 σαφέστερον
300 283 347 308 καὶ
367 282 416 317 τὴν
433 282 553 316 ἰδιότητα
577 283 730 318 φυλάξαιμι
750 283 805 309 τῶν

25 328 162 362 γγράφως
179 328 409 362 συμφωνούντων,
434 328 488 355 ἰδοὺ
518 327 574 363 ἑγὼ
599 330 766 364 Βαῖμοῦντος
783 330 805 345 ⁶¹

112 374 284 409 Ῥομπέρτου
312 374 465 409 Γισκάρδου
489 375 629 410 συμφωνῶ
659 376 729 411 μετὰ
758 375 805 402 τοῦ

20 418 137 452 ιράτους
154 419 231 452 ὑμῶν
247 419 294 445 καὶ
320 419 370 453 τὴν
390 420 552 454 συμφωνίαν
575 420 683 455 ἀρραγῆ
712 421 806 456 τίθημι

20 463 162 498 ρυλάττειν
181 465 248 498 πρὸς
261 465 311 500 τὴν
324 464 464 500 βασιλείαν
479 465 569 500 ὑμῶν,
583 466 718 499 τουτέστι,
734 468 763 494 σέ
776 475 805 494 τι

20 510 58 535 τὸν
73 510 264 546 αὐτοκράτορα
286 511 432 546 Ῥωμαίων
445 512 499 547 ιιῦρ
512 512 535 528 ⁸³
546 511 680 547 Ἀλέξιον,
697 514 749 546 καὶ,
759 514 805 541 τὸν

20 555 130 581 ιασιλέα
146 556 193 581 καὶ
213 556 269 582 υίόν
287 564 335 583 σου
351 557 396 583 τὸν
417 558 686 594 Πορφυρογέννητον,
713 559 762 586 καὶ
775 559 806 586 τὸ

20 599 101 631 ,ίζιον
128 600 281 635 ἀνθρώπων
308 601 455 629 ἁνόθευτόν
468 611 498 629 τε
517 603 563 629 καὶ
591 604 806 639 ἀπαραποίητον

20 654 64 677 ως
76 644 111 672 ἂν
125 646 237 681 ἐμπνέω
251 648 297 673 καὶ
309 647 379 682 μετὰ.
392 648 446 674 τῶν
457 648 566 680 ζώντων
579 650 803 685 συναριθμῶμαι·

20 692 60 718 ται
78 691 281 728 ὲξοπλισαίμην
292 693 342 729 τὴν
353 696 432 729 χεῖρα
448 694 520 721 κατὰ
535 695 589 722 τῶν
604 696 728 722 ἐντεῦθεν
741 697 807 723 ἀνα-

20 739 213 774 ρανησομένων
241 739 346 775 ἐχθρῶν
367 740 444 775 ὑμῶν
464 741 510 768 καὶ
527 742 576 775 τῆς
596 741 734 776 βασιλείας
758 743 806 778 τῆς

20 785 152 820 ιμετέριις
166 785 220 812 τῶν
235 786 421 813 ἀεισεϐάστων
443 787 585 814 σεσαστῶν
601 787 735 823 βασιλέων
756 789 805 824 τῆς

20 831 68 858 τῶν
87 832 234 867 Ῥωμαίων
253 834 405 869 ἡγεμονίας
420 835 467 861 καὶ
483 834 548 861 ἔνθα
565 835 598 862 ἂν
612 835 659 862 καὶ
687 845 806 871 προστα-

20 877 110 913 [θείην
122 878 166 913 ὑφ’
180 878 258 913 ὑμῶν
270 880 340 914 μετὰ
353 879 443 915 πάσης
458 882 507 916 τῆς
530 882 595 916 περὶ
612 882 662 916 ἐμὲ
675 882 807 917 στρατιᾶς

20 925 225 959 ιπροφασίστως
248 926 416 954 ὲκδουλεύσω
447 928 517 954 κατὰ
532 927 581 964 τὴν
599 929 807 964 παρισταμένην

20 970 122 1004 [ρείαν.
141 970 197 997 Καὶ
216 970 243 997 ετ
256 980 327 1003 τινες
343 972 376 999 ἆν
396 973 443 999 καὶ
463 970 517 999 εἶεν
533 973 675 1009 δυσμενῶς
698 974 806 1009 ἔχοντες

20 1015 82 1050 τρδς
103 1015 132 1042 τὸ
152 1016 286 1051 ὑμέτερον
303 1018 403 1052 κράτος
420 1019 444 1045 εί
465 1019 558 1054 μήπου
588 1022 644 1052 τοῖς
660 1020 806 1053 ἀθανάτοις

20 1062 142 1095 ιγγέλοις
160 1063 313 1095 ίστάςοιντο
332 1065 364 1090 ἂν
385 1065 432 1091 καὶ
446 1066 499 1091 εἰσὶ
517 1066 574 1096 τοῖς
594 1066 741 1101 ἡμετέροις
760 1067 805 1093 δό-

20 1115 96 1134 ιεισιν
115 1108 243 1143 ἄτρωτοι,
260 1108 276 1143 ἢ
296 1109 467 1144 ἀδαμάντινά
484 1119 545 1137 τινα
561 1111 735 1146 περίκεινται
752 1112 806 1138 σώ-

20 1163 89 1180 ιιτσι
107 1155 178 1181 κατὰ
202 1155 305 1182 τούτων
334 1158 446 1183 πάντων
470 1158 738 1194 ὑπεραγωνισπίμην
755 1161 806 1194 τῆς

20 1199 154 1232 ιαςιλείιις
165 1200 255 1235 ὑμῶν.
269 1202 324 1228 Καὶ
335 1201 359 1227 εί
374 1201 424 1237 μὲν
441 1202 526 1237 ὑγιῶς
539 1203 594 1239 ἔχω
609 1204 657 1230 τοῦ
677 1204 805 1240 σώματος

20 1246 56 1272 ιαι
90 1246 274 1282 ἐλευθεριάζω
295 1247 414 1282 πολέμου
429 1248 501 1280 τινος
522 1249 694 1285 βαρϐαρικοῦ
712 1259 741 1277 τε
757 1251 805 1277 καὶ

20 1290 166 1326 Γουρκικοῦ
195 1292 278 1323 αὐτὸς
293 1292 349 1326 ἐγὼ
369 1293 408 1326 τῷ
428 1293 486 1327 ἐμῷ
506 1292 612 1328 σώματι
629 1294 804 1330 ἀγωνιοῦμαι

20 1337 56 1361 ιτιὶ
75 1335 122 1361 τὸν
140 1337 209 1370 ὑπὲρ
229 1337 306 1372 ὑμῶν
323 1338 445 1372 πόλεμον
459 1339 529 1372 μετὰ
549 1339 596 1366 τοῦ
617 1339 803 1375 ξυνεπομένου

20 1382 229 1417 ςτριτεύματος.
249 1383 280 1410 Εἰ
300 1384 328 1410 δὲ
355 1384 371 1419 ἢ
388 1384 458 1420 νόσῳ
477 1384 575 1420 βαρείᾳ
601 1386 738 1422 πεδοῦμσι
760 1384 803 1413 οἷα

20 1427 100 1453 πολλὰ
114 1427 148 1453 τά
163 1427 332 1463 ἀνθρώπινα,
349 1429 366 1465 ἢ
391 1430 510 1465 πόλεμος
531 1432 707 1467 ἐπικείμενος
733 1434 804 1469 πρὸς

20 374 74 404 tib;

20 1473 110 1499 ,αυτὸν
125 1473 198 1500 ἕλκει
215 1483 259 1508 με,
272 1474 333 1501 τότε
352 1475 394 1510 δὴ,
411 1476 472 1502 τότε
489 1477 673 1513 ὑπισχνοῦμαι
686 1479 729 1506 διὰ
746 1480 801 1506 τῶν
815 1492 836 1521 c

21 1518 74 1552 ,ερὶ
90 1518 140 1552 ἐμὲ
154 1519 286 1551 γενναίων
303 1519 455 1554 ἀνθρώπων
472 1530 523 1556 μου
556 1522 606 1557 τὴν
628 1523 744 1559 δυνατὴν
758 1525 801 1559 £5-

20 1564 190 1590 ιποστέλλειν
204 1564 341 1599 βοήθειαν,
354 1566 391 1598 ὼς
403 1566 634 1599 ἐπανασωζόντων
647 1569 758 1597 ἐκείνων
770 1571 801 1598 τὸ

25 1609 76 1644 μὸν
97 1609 245 1644 ἔλλειμμα.
276 1610 308 1636 Ἦ
332 1611 385 1646 γὰρ
409 1612 477 1648 ὀρθὴ
508 1613 601 1646 πίστις
627 1615 661 1650 ἦν
681 1616 802 1651 σήμερον

20 1655 80 1690 πρὸς
111 1655 163 1691 τὴν
183 1655 324 1690 βασιλείαν
353 1658 442 1692 ὑμῶν·
471 1659 552 1686 τοῦτο
582 1661 641 1687 ἐστὶ
661 1661 702 1692 τὺ,
730 1661 801 1697 ἢδι¹

20 1701 136 1736 paruo-3
151 1701 168 1737 ἣ
183 1702 217 1729 δι’
232 1703 345 1738 ἑτέρων,
361 1704 489 1740 καθάπερ
504 1706 627 1741 εἴρηται,
639 1708 802 1744 ἁναχρωτη-

20 1749 111 1774 θίαστα
130 1750 223 1782 τηρεῖν
239 1749 272 1775 τὰ
297 1750 347 1784 τῆς
363 1751 535 1785 συμφωνίας,
548 1752 632 1787 ὀρθήν
656 1761 685 1779 τε
708 1753 801 1781 πίστιν

20 1793 159 1825 μαλάττειν
176 1793 318 1829 διόμνυμι·
337 1795 383 1821 καὶ
408 1796 523 1823 καθόλου
548 1799 682 1825 καὶκατὰ
704 1799 798 1834 μέρος,

20 1839 81 1873 νπὲρ
101 1838 150 1865 τοῦ
165 1839 301 1876 ὑμετέρου
318 1841 436 1876 κράτους
449 1842 496 1868 καί
508 1843 557 1877 τῆς
574 1844 713 1879 ὑμετέρας
728 1844 800 1880 ζωῆς

20 1885 131 1920 ταυτησὶ
149 1885 221 1919 λέγω
237 1886 285 1920 τῆς
304 1887 380 1913 κάτω
395 1895 424 1913 τε
454 1889 501 1914 καὶ
517 1889 616 1924 γηῖνης
630 1897 637 1904 ·
655 1890 725 1925 ὑπὲρ
746 1891 801 1926 γάρ

20 1933 57 1966 ηῆς
76 1931 206 1968 τοιαύτης
223 1932 299 1968 ὑμῶν
314 1932 397 1968 ζωῆς,
413 1934 542 1969 σιδηροῦς
559 1944 602 1967 τις
622 1936 734 1971 ἀνδριὰς
755 1936 802 1963 καὶ

20 1978 184 2013 ιφυρήλατος
201 1978 352 2013 γεννοίμην
367 1980 424 2010 τοῖς
439 1980 543 2012 ὅπλοις,
564 1981 633 2007 ἀλλὰ
654 1982 736 2018 μέχρι
754 1983 802 2009 καὶ

20 2025 57 2058 τῆς
74 2023 161 2058 τιμῆς
171 2024 220 2058 τῆς
236 2025 385 2060 ὑμετέρας,
405 2026 546 2061 καὶμέχρι
558 2026 706 2062 βασιλικῶν
723 2028 801 2063 ὑμῶν

20 2069 102 2097 ιελῶν
122 2070 234 2096 ἐκτεινω
247 2070 293 2096 τὸν
313 2071 405 2104 ὅρκον,
419 2071 446 2097 εἴ
459 2080 501 2103 τις
514 2073 607 2104 αὐτοῖς
625 2073 801 2101 ἐπιϐουλεύε-

24 2125 53 2143 αι
78 2116 203 2148 κάκωσις
228 2117 304 2152 παρά
331 2126 413 2144 τινων
435 2117 586 2154 ἀλιτηρίων
617 2120 732 2156 ἐχθρῶν,
754 2121 800 2154 οὓς

23 2162 124 2189 υνατόν
139 2163 214 2190 ἔστιν
233 2164 284 2199 ἐμὲ
304 2164 452 2191 καταλύειν
471 2166 519 2191 και
532 2165 676 2202 ἀπείργειν
689 2167 736 2194 τοῦ
752 2176 800 2195 κα-
817 2156 838 2183 D

20 2209 55 2235 ιοῠ
70 2209 284 2245 ἐγχειρήματος·
300 2210 368 2238 ἀλλὰ
380 2211 426 2238 καὶ
443 2211 513 2247 ὑπὲρ
533 2213 623 2248 πάσης
643 2213 735 2249 χώρας
750 2216 801 2250 τῆς

25 2256 147 2290 μετέρας
172 2255 219 2281 καὶ
239 2255 343 2288 πόλεως
367 2258 468 2291 μικρᾶς
482 2266 511 2283 τε
532 2258 578 2284 καὶ
604 2259 727 2295 μεγάλης
751 2261 799 2287 καὶ

22 2302 100 2335 ήσων
114 2300 214 2333 αὐτῶν,
229 2302 277 2327 καὶ
295 2301 474 2335 ἁπαξαπλῶς,
492 2304 577 2339 ὁπόση
594 2304 636 2336 τίς
652 2306 709 2332 ἐστι
722 2306 757 2342 γῆ
769 2315 799 2333 τε

20 2345 54 2371 at
83 2344 211 2372 θάλασσα.
236 2345 289 2372 ὑπὸ
309 2346 343 2372 τὰ
365 2347 486 2381 ὑμέτερα
514 2349 641 2385 σκῆπτρα
667 2350 697 2383 ἐξ
713 2350 796 2377 αὑτοῦ

21 2390 129 2426 fruoan
139 2390 187 2417 τοῦ
202 2390 391 2425 Ἀδριαντικοῦ
404 2392 539 2427 πελάγους
552 2396 600 2421 καὶ
611 2394 692 2430 μέχρι
705 2397 798 2430 πάσης

20 2435 145 2469 ηνατολῆς
160 2436 207 2461 καὶ
222 2436 295 2463 κατὰ
313 2437 399 2472 μῆκος
415 2438 464 2472 τῆς
484 2439 605 2475 μεγάλης
626 2440 716 2473 Ἀσίας
734 2441 799 2469 ἔνθα

22 2482 39 2508 ὰ
53 2482 112 2508 τῶν
130 2480 275 2516 Ῥωμαίων
300 2482 439 2517 ὁρίσματα
455 2481 499 2518 ἦν.
518 2484 579 2510 Ἔτι
595 2486 735 2520 συμφωνῶ
753 2488 798 2513 καὶ

22 2536 87 2554 πται
105 2526 161 2555 τῶν
176 2529 440 2563 συμπεφωνημένων
463 2530 570 2565 μάρτυς
587 2532 634 2557 καὶ
650 2531 769 2566 ὑπήκοπς
785 2533 799 2559 6

20 2574 72 2606 νεὸς
89 2574 227 2609 μηδεμίαν
244 2575 379 2610 μηδέποτε
399 2575 492 2611 χώραν
506 2576 677 2613 τεταγμένην
699 2579 751 2604 ὑπὸ
767 2579 800 2606 τὰ

23 2619 129 2654 μέτερα
149 2620 279 2654 σκῆπτρα
298 2619 355 2646 εἴτε
377 2621 424 2647 νῦν
446 2621 502 2647 εἴτε
518 2621 662 2656 πρότερον,
680 2623 736 2649 εἴτε
752 2625 802 2651 πό-

22 2673 46 2690 ιν
62 2665 79 2699 ἢ
95 2665 178 2698 νῆσον
193 2667 304 2700 κρατεῖν
319 2674 348 2692 τε
366 2667 413 2693 καὶ
426 2667 511 2701 ἔχειν.
527 2668 582 2694 Καὶ
601 2668 695 2700 ἁπλῶς
712 2671 799 2698 ὁπόσα

855 192 963 228 jestatis
980 199 1044 226 tum,
1067 202 1082 222 a
1110 200 1135 223 te
1161 196 1337 226 rnbramcnto
1363 199 1554 235 snbsrriptam.
1581 202 1646 237 Qun:

856 239 964 273 quidem
979 239 1054 267 Bulla
1070 248 1123 268 non
1137 243 1222 276 gratis
1236 244 1303 271 mihi
1320 250 1360 272 est
1380 247 1489 281 tradita,
1509 249 1555 276 sed
1570 257 1644 277 ὒοιιι-

858 290 961 312 mutata
975 293 1023 320 pro
1040 294 1069 314 re
1083 288 1210 322 quapiam
1228 296 1242 315 a
1261 298 1303 318 me
1323 292 1443 319 vicissim
1470 295 1643 327 exhibenda.-

857 329 893 356 ita
914 338 963 365 ego
979 339 1050 360 nunc
1072 333 1176 368 accipio
1199 339 1285 362 terras
1304 341 1333 363 ct
1348 337 1466 366 ditiones
1487 339 1547 368 illas
1569 349 1582 367 a
1600 346 1644 369 luci

856 377 998 412 majestate
1022 379 1191 407 irrevocabili
1217 381 1242 407 vi
1270 382 1406 416 praedicta:
1434 384 1518 413 Bulla:
1547 387 1643 414 Aurem

856 423 1000 452 attributas
1024 426 1107 460 mihi,
1128 431 1159 454 ut
1187 427 1212 454 in
1240 430 1486 458 remunerationem
1513 436 1594 467 atque
1619 434 1644 461 in

856 470 971 503 pretium
988 475 1026 498 tot
1056 472 1163 500 illarum
1185 478 1375 510 tantarumque
1393 477 1532 512 regionum
1551 483 1580 507 et
1603 488 1647 507 ur-

856 515 940 548 bium,
970 524 1105 552 opponam
1128 520 1299 556 obligcmqne
1320 522 1399 550 ﬁdem
1427 531 1459 550 ac
1483 525 1642 554 ﬁdelitatem

859 569 947 588 meatu
964 563 1100 598 maiestati
1114 566 1255 600 utriusque
1269 571 1385 595 vestrum
1400 576 1407 601 ;
1425 574 1477 597 tua:
1487 591 1495 603 ,
1519 571 1628 606 inqttam
1638 593 1644 604 ,

858 607 948 642 magni
968 609 1141 642 imperatoris
1154 612 1254 639 domini
1271 613 1359 641 Alexii
1380 614 1529 649 Comneni,
1548 621 1576 644 et
1598 617 1646 645 des

856 653 1048 683 sideratissimi
1066 657 1113 684 lilii
1131 658 1169 684 ttti
1184 659 1316 693 principis
1335 660 1435 688 domini
1451 661 1564 691 Joannis
1579 664 1646 691 Por-

858 698 1026 734 phyrogeniti
1046 702 1182 736 spondens
1205 709 1232 731 et
1256 705 1388 739 pollicens
1413 707 1552 735 immotam
1583 717 1644 737 eam

858 743 1101 781 inconcussamqne
1121 752 1301 783 retenturum,
1319 751 1391 779 velut
1414 752 1519 781 ﬁrmam
1543 755 1645 782 ancho-

859 795 928 816 ram.
943 789 1030 825 Atque
1045 795 1073 818 ut
1089 792 1190 821 clarius
1206 801 1341 828 exponam
1360 801 1478 824 mentem
1497 806 1602 831 meam,
1620 806 1646 827 ot

859 835 1052 869 proprietatem
1066 843 1183 870 scrvcm,
1198 838 1387 875 lcgitimasque
1402 848 1530 878 usurpem
1548 843 1646 872 forum-

859 879 900 908 las
919 888 1012 908 eorum
1031 883 1076 916 qui
1102 883 1154 911 rite
1170 884 1325 913 ﬁdelitatem
1343 887 1424 914 alicui
1441 895 1518 916 suam
1543 891 1646 925 scripto

859 927 1015 956 authentico
1031 929 1193 962 profitentur
1207 939 1214 957 :
1230 939 1264 958 en
1279 939 1328 967 ego
1348 932 1514 963 Bnimltndus
1533 936 1645 964 Roberti

857 972 981 1001 Giscardi
999 974 1080 1007 ﬁlius,
1095 975 1251 1004 fidelitatem
1264 981 1292 1005 et
1303 979 1499 1013 subjcctionem
1517 983 1646 1017 prollteor

858 1024 955 1050 vestra;
972 1020 1118 1055 majestati,
1138 1023 1189 1049 hoc
1204 1027 1258 1055 est,
1271 1024 1320 1052 tibi
1336 1025 1492 1060 imperatori
1509 1027 1634 1056 Romano

859 1071 917 1090 rutn
933 1064 1042 1093 domino
1058 1066 1155 1094 Alexio
1168 1087 1175 1099 ,
1193 1074 1220 1096 et
1240 1070 1354 1104 principi
1378 1079 1409 1098 ac
1428 1072 1481 1100 lilio
1507 1078 1555 1101 tuo
1576 1075 1646 1103 Por-

856 1109 1055 1145 phyrogenito;
1077 1117 1104 1140 et
1121 1114 1242 1149 spondeo
1260 1122 1303 1143 me
1327 1116 1403 1144 Vobis
1428 1117 1519 1145 lizium
1536 1127 1645 1148 omnem

856 1163 949 1183 verum
964 1165 996 1185 ac
1009 1158 1145 1186 sincerum
1166 1159 1234 1193 fore,
1251 1162 1372 1196 quantliu
1386 1164 1511 1198 Spiritum
1525 1166 1623 1194 ducam
1635 1188 1644 1199 ,

856 1207 883 1229 et
904 1210 964 1229 ctnn
988 1203 1056 1231 vivis
1080 1207 1256 1240 numerabar,
1284 1213 1511 1245 armaturumque
1534 1219 1645 1240 manum

856 1253 950 1275 contra
972 1256 1066 1278 omnes
1085 1251 1131 1285 qui
1147 1258 1180 1278 ex
1203 1252 1254 1280 hoc
1276 1257 1399 1288 tempore
1424 1262 1485 1283 sese
1509 1257 1644 1291 profercn'

857 1293 948 1320 hostes
979 1294 1128 1328 majestatis
1147 1301 1256 1329 vestrae,
1287 1297 1483 1332 imperatorum
1516 1300 1645 1330 Romana:

856 1338 967 1366 ditionis
984 1346 1092 1373 semper
1113 1341 1304 1375 Augustorum.
1324 1343 1422 1371 Vester
1445 1350 1546 1374 tantum
1571 1348 1646 1375 labor

856 1382 937 1410 fuerit
963 1384 1059 1418 jubere
1084 1393 1116 1413 ac
1141 1388 1288 1422 praecipere
1301 1396 1355 1423 quo
1378 1390 1438 1418 loco
1467 1398 1499 1419 ac
1524 1397 1646 1428 tempore

855 1429 945 1456 velitis
961 1436 1003 1457 me
1018 1435 1115 1465 praesto
1125 1431 1220 1459 adesse
1234 1441 1294 1460 cum
1308 1435 1375 1463 meis
1391 1437 1475 1472 copiis
1488 1438 1623 1467 universis
1636 1448 1643 1466 :

855 1474 990 1509 obsequar
1008 1476 1144 1511 extemplo
1169 1477 1229 1505 sine
1250 1480 1437 1514 excusatione,
1464 1483 1523 1510 sine
1547 1491 1644 1518 mora,

854 1520 1014 1555 navaboque
1031 1520 1138 1549 ﬁdelem
1155 1527 1184 1549 et
1198 1531 1278 1557 quam
1293 1525 1465 1554 utilissimam
1482 1528 1559 1557 vobis
1576 1537 1644 1565 ope-

854 1573 924 1598 ram.
943 1571 1024 1601 prout
1055 1575 1099 1595 res
1127 1574 1276 1603 prmscntes
1306 1572 1426 1605 exigent,
1460 1575 1644 1608 perduellibus

855 1611 964 1642 vestris,
979 1617 1026 1639 aut
1042 1613 1245 1649 quibuscunque
1256 1617 1499 1653 quomodocunque
1515 1619 1591 1648 vobis
1603 1621 1644 1648 in-

855 1655 940 1684 fensis
957 1658 1021 1692 (nisi
1038 1657 1110 1686 forte
1126 1659 1326 1689 immortalibus
1347 1662 1450 1691 similes
1465 1665 1570 1699 angelis
1589 1666 1644 1694 sint

854 1701 1065 1730 invulnerabiles
1083 1704 1183 1731 nostris
1199 1705 1294 1738 hastis,
1310 1710 1338 1732 et
1356 1707 1538 1735 adamantinis
1560 1710 1642 1737 solidi

853 1748 1012 1781 corporibus
1030 1748 1156 1783 rigeant),
1174 1753 1228 1777 toto
1240 1750 1340 1784 impetu
1355 1759 1404 1786 pro
1415 1758 1505 1781 vestra
1517 1761 1598 1783 causa
1614 1761 1643 1783 et
1684 1764 1686 1767 '

853 1793 994 1828 majestate
1012 1795 1174 1829 intpetendis
1190 1803 1222 1823 ac
1236 1797 1412 1825 debellandis.
1426 1799 1464 1826 Ac
1479 1800 1501 1827 si
1514 1808 1566 1835 ego
1581 1803 1642 1836 qui-

854 1840 913 1867 dem
934 1845 961 1867 et
981 1847 1095 1876 corpore
1112 1841 1217 1873 valebo.
1235 1846 1262 1870 et
1277 1850 1293 1869 ιι
1311 1843 1380 1871 bello
1401 1851 1562 1881 quocunque
1579 1847 1642 1874 bar-

853 1886 945 1914 barico
958 1890 1006 1913 aut
1020 1887 1134 1915 Turcico
1147 1887 1215 1915 liber
1229 1887 1316 1921 fuero,
1329 1897 1378 1924 per
1392 1898 1434 1918 me
1446 1891 1505 1926 ipse
1519 1900 1641 1928 praesens

853 1932 969 1960 ductabo
985 1931 1060 1961 meas
1075 1933 1179 1969 copias,
1198 1942 1316 1970 cumque
1339 1936 1373 1964 iis
1396 1944 1485 1965 meum
1509 1944 1592 1974 caput.
1614 1945 1642 1968 et

852 1978 1041 2015 meorpus
1054 1988 1081 2007 in
1095 1989 1191 2016 pugnae
1204 1981 1349 2010 discrimen
1363 1989 1454 2011 vestra
1465 1993 1546 2012 causa
1560 1986 1641 2014 dabo.

854 2026 903 2053 Sin
925 2033 979 2058 me,
997 2027 1088 2061 qualia
1106 2029 1190 2056 multa
1210 2029 1355 2057 humanam
1373 2031 1455 2058 vitam
1470 2031 1641 2061 incommoda

853 2072 992 2106 infestant,
1008 2079 1051 2101 aut
1067 2075 1159 2109 gravis
1173 2075 1284 2103 morbus
1295 2076 1460 2110 impedierit,
1480 2082 1525 2106 attt
1541 2079 1641 2106 bellum

854 2118 1013 2147 incumbens
1043 2120 1078 2148 ad
1103 2127 1163 2148 sese
1191 2120 1244 2148 alio
1270 2122 1394 2154 traxerit,
1423 2127 1486 2150 tunc
1511 2124 1642 2158 polliceor

854 2165 999 2193 missurum
1017 2173 1059 2194 me
1076 2173 1156 2201 quam
1175 2171 1269 2201 potero
1291 2167 1486 2195 validissimum
1507 2169 1639 2197 auxilium

853 2210 972 2238 virorum
990 2211 1100 2240 fortium
1117 2213 1161 2247 qui
1177 2213 1243 2240 mihi
1258 2214 1383 2247 subsunt,
1403 2214 1448 2250 qui
1464 2216 1497 2242 ad
1520 2220 1640 2244 vestrum

855 2262 950 2285 nututn
967 2265 1022 2294 quo
1044 2258 1174 2294 jubebitis
1189 2264 1286 2294 praesto
1314 2260 1414 2292 futuri,
1443 2269 1531 2288 meum
1558 2262 1638 2290 obsc»

854 2305 947 2340 quium
973 2310 1166 2339 repraesentem
1191 2311 1218 2334 et
1244 2305 1380 2334 defectum
1405 2309 1559 2343 suppleam.
1579 2309 1642 2337 Haec

852 2350 925 2378 enim
942 2354 1014 2377 recta
1036 2351 1102 2378 fides
1115 2355 1168 2383 est,
1181 2359 1263 2386 quam
1288 2351 1366 2381 hodie
1395 2352 1530 2387 maiestati
1546 2359 1641 2382 vestras

851 2395 952 2431 obligo,
970 2401 1017 2424 aut
1031 2404 1078 2432 per
1092 2405 1135 2424 tne
1150 2403 1194 2425 aut
1209 2405 1257 2432 per
1274 2398 1352 2431 alios,
1371 2404 1401 2426 ut
1414 2399 1469 2426 dixi
1482 2419 1489 2432 ,
1506 2400 1638 2427 illibatum

852 2442 921 2469 tueri
937 2441 1113 2476 subjectionis
1124 2443 1258 2476 cilicium;
1277 2444 1327 2471 hoc
1343 2452 1424 2472 sensu
1443 2450 1544 2473 rectam
1557 2447 1638 2475 ﬁdem

849 2489 922 2523 juro,
940 2494 967 2516 et
981 2490 1127 2517 universim
1143 2496 1169 2517 et
1184 2498 1231 2525 per
1248 2497 1351 2526 partes,
1373 2500 1424 2526 pro
1438 2498 1528 2520 vestra
1545 2495 1641 2529 ampli-

852 2534 944 2562 tudine
956 2542 988 2562 ac
1005 2537 1135 2569 potentia,
1149 2544 1250 2572 proque
1263 2543 1354 2566 vestra
1366 2539 1432 2572 vita,
1445 2539 1508 2572 hac,
1520 2541 1638 2575 inquam,

851 2581 942 2607 intima
960 2582 1136 2617 terrestrique
1152 2590 1184 2610 ac
1199 2584 1316 2612 naturali
1330 2585 1385 2612 vita
1398 2607 1406 2620 ,
1421 2585 1522 2614 tuenda
1537 2594 1639 2621 propn-

850 2626 1026 2661 gnandaqlle,
1046 2635 1098 2654 non
1127 2624 1221 2656 minus
1247 2630 1426 2659 inconcussus
1454 2639 1486 2660 ac
1511 2636 1640 2660 constans

851 2680 930 2712 quam
945 2671 1034 2700 ferrea
1049 2672 1091 2700 vel
1109 2681 1163 2702 atro
1177 2673 1235 2703 fusa
1257 2676 1372 2705 ductave
1391 2682 1480 2705 statua
1505 2677 1531 2705 in
1555 2678 1640 2705 armis

538 2722 809 2774 Varitn’lectiones
825 2750 864 2774 ex
877 2743 948 2775 cod.
967 2742 1102 2774 Coislin.

43 2796 66 2812 ⁸³
84 2796 99 2822 ὁ
117 2795 295 2831 samem“.
335 2797 359 2814 ⁸³
378 2797 458 2825 Deest
486 2806 537 2826 vox
555 2799 618 2835 κῦρ.
