1853 3036
35 118 92 150 litGi
631 119 836 152 ALEXIADIS
851 120 922 150 LIB.
938 118 1018 150 XIV.
1586 117 1654 148 1062

34 176 73 200 tali
86 176 290 208 sanctcttda,se
305 184 387 203 suave
411 177 536 211 privatim
571 177 721 213 Augustum
753 176 912 208 attendisse,
941 183 1044 208 verum,
1071 181 1098 202 ιιι
1125 172 1229 202 solebat
1262 182 1384 209 semper,
1423 175 1461 202 rei
1496 172 1651 202 communis

34 223 172 250 ttilitatem
187 227 214 250 et
227 224 326 258 sceptri
359 224 473 252 Romani
499 225 664 260 majestatem
685 229 824 260 spectasse
843 231 943 256 unam;
962 230 1059 258 magna
1086 222 1206 257 profecto
1223 227 1314 249 nostra
1349 229 1376 249 et
1400 223 1426 249 in
1451 228 1555 257 tempus
1572 232 1654 252 omne

32 272 198 306 propaganda
213 278 353 308 posterum
381 273 520 304 felicitate,
545 273 625 309 5,33
646 273 668 300 si
699 273 824 302 durasset
844 276 896 298 tam
938 270 1065 298 salutaris
1082 271 1131 297 ista
1148 270 1304 297 concordia.
1326 269 1392 297 Nam
1420 272 1566 298 intervenit
1585 272 1654 298 fata-

32 317 59 343 hs
76 318 124 349 iis,
138 323 165 344 et
183 318 231 344 hoc
249 323 372 352 exempto
385 319 465 346 rebus
476 320 612 352 humanis,
629 320 704 354 longe
720 319 809 350 aliamI
831 317 907 352 culpa
923 317 1134 349 succedentium,
1150 317 1223 344 orbis
1238 317 1365 343 Romana:
1398 318 1551 352 reipublieaa
1584 325 1654 346 con-

32 363 178 390 versionem
195 364 276 398 cepit.
302 364 368 392 Aliis
384 366 516 398 consiliis,
540 366 584 393 alii
603 373 765 397 successus;
784 370 811 391 et
834 364 1066 398 perturbatissima
1081 368 1170 390 secuta
1192 368 1313 398 tempora
1331 365 1357 391 in
1399 363 1487 391 locum
1522 371 1653 394 venerunt

30 410 101 441 pacis
128 410 206 444 hujus
228 410 435 445 fundatissimae,
452 421 510 448 qua).
544 420 570 440 ut
599 414 703 447 priores
746 417 852 439 ucstras
871 412 1012 438 universas
1029 411 1150 438 miserias
1165 411 1328 443 absolverat,
1355 412 1390 438 ita
1406 420 1460 438 ιιοιι
1476 412 1585 440 dubiam
1604 420 1652 446 ρο,

29 457 155 489 διειῖιςιιί,
185 460 264 486 tnodo
282 460 392 487 retineri
414 461 558 495 potuisset,
586 460 810 495 tranquillitatem
831 459 856 486 in
882 464 986 492 tempus
1006 465 1086 484 omne
1114 458 1290 491 promittebat
1322 465 1503 492 consequens.
1541 457 1653 493 Superis

28 500 104 527 aliter
123 503 228 536 visum;
262 505 386 538 adempta
412 512 472 531 eum
499 505 593 532 Alexio
619 505 718 539 pariter
760 510 821 538 spes
859 503 986 536 salusque
1023 503 1149 538 publica;
1175 504 1441 537 conatumquehunc
1461 504 1521 538 ejus
1543 504 1654 532 beatulte

28 548 202 580 nustcritatis,
227 550 358 582 confusis,
386 551 437 578 hoc
461 551 574 583 sublato.
593 551 683 582 rebus,
698 551 759 577 fecit
775 549 880 575 irritmn
897 556 990 576 eorum
1026 548 1216 582 imprudentia,
1239 549 1283 582 qni
1318 549 1437 577 habenas
1470 550 1576 585 imperii
1611 559 1655 579 re-

26 595 50 621 li-
62 600 102 621 tas
119 595 152 622 ah
170 603 212 628 eo,
230 597 323 630 peritia
340 597 437 625 deinde
458 606 510 625 non
528 599 585 633 pari
604 602 761 626 tractarunt.

60 642 90 668 ΟΞ
117 642 146 667 δὲ
167 652 213 668 του
237 644 395 677 Φραγγικοῦ
429 645 525 674 στόλον
542 645 676 680 ἡγεμόνες
698 645 742 671 διὰ
756 645 791 671 τιῖι

922 643 937 669 d
954 641 1067 669 classem
1087 642 1228 668 redeamus
1242 642 1411 675 Francicam,
1433 643 1510 678 cujus
1531 646 1652 672 modera-

26 684 231 717 περισωθέντων
258 687 312 717 ἀπὸ
342 687 395 713 τῶν
431 689 510 715 πέντε
534 689 675 724 δρομάδων
692 690 764 725 νηῶν
777 689 810 716 τὰ

24 731 86 764 περὶ
105 730 152 757 τοῦ
173 731 328 766 Ῥωμαῖκοῦ
345 733 451 767 στόλου,
462 735 499 766 ὡς
515 737 632 770 εἴρηται,
648 735 810 769 βεϐαιωθέν-

22 784 78 809 τεῖ,
101 777 149 803 καὶ
163 778 204 803 an
229 779 242 803 ὁ
259 777 386 811 βασιλεὺς
408 780 454 806 τὸν
472 780 564 807 στόλον
579 781 745 816 εὐτρεπίσας
760 781 810 816 τὴν

23 822 114 847 αὐτῶν
130 822 223 856 ἔφοδον
248 825 312 856 περὶ
329 825 378 860 τὴν
402 826 575 861 Χερρόνησον
596 829 752 862 περιμένων
769 829 812 855 ὲν-

21 867 168 901 διατρίὃει,
179 868 226 894 τοῦ
239 871 371 906 προτέρου
385 872 486 898 σκοποῦ
503 872 672 907 ἀπέστησαν,
688 874 811 908 μηδόλως

21 912 76 942 τοῖς
116 913 213 948 μέρεσι
248 914 404 949 Ῥωμανίας
438 917 591 949 πλησιάσαι
634 918 809 953 Θελήσαντες.

23 958 239 993 Παραχειμάσας
254 959 301 987 οὖν
316 963 330 988 ὁ
344 962 468 997 βασιλεὺς
481 965 520 995 εἰς
535 964 732 991 Καλλιούπολιν
742 965 811 999 μετὰ

19 1003 68 1036 τῆς
87 1003 225 1038 βασιλίδος
238 1013 246 1021 ·
277 1007 419 1034 συνείπετο
448 1009 503 1044 γὰρ
533 1010 608 1044 αὐτῷ
629 1010 672 1036 διὰ
687 1011 737 1044 τὴν
756 1010 810 1036 τῶν

20 1048 112 1075 ποδῶν
143 1049 249 1085 ὀδύνην,
266 1049 303 1084 ὡς
325 1053 617 1089 πολλάκιςίστόρηται
630 1055 653 1071 ⁵⁸
666 1075 673 1088 ,
691 1056 740 1082 καὶ
763 1057 810 1082 τὸν

17 1094 119 1128 καιρὸν
145 1096 207 1122 καθ’
231 1095 260 1122 ὃν
276 1098 289 1123 ὁ
323 1098 378 1124 τῶν
401 1099 523 1126 Λατίνων
538 1100 632 1127 εἴωθεν
657 1101 811 1136 παραπλεῖν

19 1140 117 1171 στόλος
161 1142 426 1178 παραφυλαξάμενος
457 1146 497 1177 είς
535 1145 583 1181 τὴν
615 1146 810 1180 βασιλεύουσαν

17 1184 204 1220 ὑπέστρεψεν.
222 1187 259 1213 Οὺ
275 1187 357 1219 πολὺς
375 1189 549 1224 παρίππευκε
558 1191 652 1226 χρόνος
663 1191 710 1217 καὶ
724 1192 811 1227 Τούρ-

17 1237 76 1254 κων
89 1229 186 1263 ἔφοδος
197 1231 413 1265 καταγγέλλεται
428 1233 457 1266 ἐξ
468 1231 581 1260 ἀπασῶν
595 1235 649 1260 τῶν
664 1235 714 1269 τῆς
732 1236 811 1262 Ἀνα-

14 1275 102 1310 τοὶῆς
117 1277 226 1311 χωρῶν,
247 1278 294 1304 καὶ
323 1278 403 1304 αὐτοῦ
419 1279 466 1305 τοῦ
485 1280 610 1314 Χορασᾱν
640 1278 677 1311 ὡς
694 1281 733 1311 εἰς
746 1288 812 1306 πεν-

15 1322 143 1355 τήκοντα
174 1323 297 1356 χιλιάδας
333 1326 566 1360 συμπατουμένων
589 1333 597 1340 ·
634 1326 694 1353 οὐδὲ
724 1327 812 1361 γὰρ⁸⁵

15 1368 90 1401 πρὸς
109 1366 197 1402 βραχὺ
212 1368 354 1404 ῥᾳστώνης
371 1370 526 1405 μετειλήχει
554 1371 600 1398 τὸν
627 1372 736 1398 ἅπαντα
762 1372 813 1405 τῆς

15 1414 240 1449 αὐτοκρατορίας
257 1415 340 1441 αὑτοῦ
355 1416 461 1451 χρόνον,
478 1417 565 1443 ἄλλων
593 1419 639 1444 καὶ
652 1418 740 1444 ἄλλων
753 1420 814 1445 ἑπι-

14 1460 169 1494 φυομὲνων
183 1461 322 1495 πολεμίων
334 1462 357 1477 ⁵⁸
373 1463 515 1497 διηνεκῶς.
528 1462 730 1491 Μετακαλείται
757 1465 814 1492 τοί-

13 1514 65 1531 νυν
79 1507 273 1542 ἁπανταχόθεν
285 1507 315 1534 τδ
329 1508 467 1535 ὁπλιτικὸν
482 1508 555 1536 ἅπαν
565 1530 572 1541 ,
592 1511 639 1536 καὶ
653 1511 700 1537 τοῦ
715 1511 812 1545 καιροῦ

14 1551 243 1586 στοχασάμενος,
276 1553 338 1579 καθ’
367 1553 395 1580 ὃν
415 1554 512 1589 καιρὸν
537 1555 593 1591 (61)
614 1555 728 1590 σύνηθες
756 1559 813 1590 τοῖς

13 1596 179 1630 Βαρϐἀροις
202 1598 251 1628 τὰς
273 1598 344 1624 κατὰ
369 1599 424 1625 τῶν
451 1599 621 1634 Χριστιανῶν
631 1601 653 1616 ⁵⁷
678 1601 814 1636 ἐκδρομὰς

13 1641 176 1674 ποιεῖσθαι,
190 1643 238 1669 τὸν
253 1644 410 1679 ἀναμεταξὺ
429 1645 577 1677 Βυζαντίου
592 1647 639 1672 καὶ¹
663 1647 814 1682 Δαμάλεως

13 1688 144 1723 διαπερᾷ
161 1688 295 1723 πορθμόν.
311 1689 366 1715 Καὶ
379 1690 439 1716 οὐδὲ
454 1691 471 1725 ἡ
485 1689 637 1717 ἐπελθοῦσα
655 1691 741 1726 τούτῳ
757 1692 812 1718 τῶν

13 1733 114 1760 ποδῶν
145 1734 311 1768 περιωδυνὶα
330 1735 442 1770 ἀπεῖρξε
463 1736 512 1762 τοῦ
537 1736 632 1770 ἔργον,
657 1737 718 1772 ἥτις
750 1737 812 1764 οὔτε

13 1780 70 1805 τινὶ
89 1778 150 1805 τῶν
173 1779 313 1813 προγόνων
334 1780 494 1814 ξυμϐέϐηκε
523 1781 643 1815 πώποτε,
669 1783 711 1808 ἵνα
725 1791 766 1814 τις
781 1784 812 1809 ἐκ

13 1824 225 1860 σπερματικῶν
239 1825 326 1859 λόγων
339 1825 385 1851 καὶ
398 1826 438 1856 είς
451 1826 533 1853 αὑτὸν
548 1828 696 1854 κατιοῦσαν
707 1829 813 1863 νομίσοί

13 1871 64 1904 τὴν
91 1870 184 1900 νόσον,
201 1869 262 1895 οὔτε
278 1871 310 1896 ὲκ
329 1870 433 1905 διαίτης
450 1871 550 1907 ἁδρᾶς,
566 1873 645 1899 ὁποῖα
660 1874 715 1905 τοῖς
736 1874 812 1909 διαρ-

13 1917 119 1942 όέουσι
132 1915 177 1941 τὸν
199 1914 257 1950 βίον
279 1916 327 1941 καὶ
350 1916 501 1951 φιληδόνοις
532 1918 692 1952 συμϐαίνειν
707 1919 813 1952 εῐωθεν,

13 1962 74 1988 ὶλλ¹
92 1962 172 1992 ὅπως
188 1961 292 1996 αῦτῷἡ
311 1960 431 1993 διάθεσις
457 1962 511 1989 τῶν
541 1962 630 1989 ποδῶν
646 1965 811 1999 ἐπηρέαζεν,

13 2008 72 2042 εγὼ
105 2007 286 2042 διηγήσομαι.
315 2007 474 2042 Ἐσφαίριζὲ
510 2016 576 2034 ποτε
608 2009 813 2044 γυμναζόμενος

13 2053 242 2088 ωσφαιρίζοντα
271 2052 318 2078 καὶ
346 2053 391 2079 τὸν
409 2053 538 2080 Τατίκιον
567 2054 652 2089 ἔχων,
685 2056 750 2090 περὶ
783 2053 813 2082 οὗ

13 2100 160 2129 πολλάκις
184 2098 348 2133 διείλεγμαι,
389 2100 437 2131 Ὃς
471 2100 518 2126 καὶ
545 2100 629 2126 uno"
654 2101 701 2126 τοῦ
730 2101 814 2128 ἵππου

13 2145 211 2181 ταρασυρεὶς,
229 2144 362 2179 ἐμπίπτει
377 2145 416 2179 τῷ
441 2145 556 2179 βασιλεῖ,
571 2146 718 2173 κάντεῦθεν
734 2148 815 2183 ἀλγή-

13 2201 64 2222 ςας
91 2190 148 2224 τὴν
167 2190 298 2224 κεφαλίδα
311 2189 359 2216 τοῦ
383 2190 478 2224 γόνυος
488 2190 521 2222 ",
545 2191 591 2217 καὶ
602 2191 682 2218 αὐτὸν
697 2192 755 2218 ὅλον
769 2194 814 2220 τὸν

13 2238 91 2264 τόδει
115 2236 162 2263 διὰ
181 2236 211 2262 τὸ
226 2236 380 2270 ἀκροὸαρὲς
396 2237 444 2271 τῆς
458 2237 629 2272 καταφορᾶς,
644 2239 694 2264 οὐκ
712 2239 814 2265 ἐνεδει.

13 2286 87 2317 ξατο
106 2283 160 2317 μὲν
175 2281 294 2316 ἀλγῆσαι
311 2282 535 2316 φερεπονώτατος
554 2282 591 2309 ὧν
604 2292 610 2297 ·
626 2283 699 2318 ὅμως
725 2285 815 2319 μέντοι

13 2329 132 2364 ιικρᾶς
148 2335 221 2358 ¹τινος
235 2328 327 2362 τυχεῖν
342 2327 513 2360 ἐπιμελείας,
529 2329 576 2354 καὶ
601 2328 662 2354 κατ’
681 2329 770 2363 ὀλίγον
787 2331 814 2362 ἐς

13 2377 37 2402 ;δ
59 2372 212 2401 ἀνώδυνον
223 2372 310 2399 ἐλθεῖν
324 2373 377 2398 τῶν
390 2372 515 2408 συνήθων
539 2374 687 2409 διατριϐῶν
715 2376 813 2410 εἴχετο.

868 692 940 714 tores
954 688 996 714 ubi
1008 694 1082 714 certo
1090 693 1257 722 compertum
1267 694 1308 715 est
1321 688 1510 723 cogitationem
1523 690 1653 724 abjecissc

868 733 1001 760 tentanda:
1014 733 1137 760 cominus
1156 734 1295 761 limnaniae
1309 743 1316 761 :
1335 734 1407 768 quod
1423 743 1469 762 eos
1484 743 1497 761 a
1516 736 1561 763 tali
1585 744 1652 764 eon-

866 779 927 806 silio
941 780 1118 807 deterruisset
1133 779 1260 806 indicium
1273 787 1368 806 eorum
1380 780 1426 814 qui
1439 787 1454 806 e
1466 781 1652 813 speculatione

864 825 910 852 illa
932 827 1018 860 prima
1044 825 1078 852 de
1104 833 1157 859 qua
1183 825 1311 857 diximus,
1339 825 1460 859 quinque
1480 827 1651 860 dromadum,

865 872 952 904 captis
972 871 1086 906 reliquis
1109 871 1186 905 pauci
1216 872 1258 897 vix
1287 870 1353 897 salvi
1370 871 1522 905 redierant;
1552 873 1653 900 retule-

867 921 981 950 rantque
996 917 1100 943 tirmam
1118 921 1145 943 et
1158 923 1329 943 numerosam
1345 924 1405 944 esse
1420 917 1567 944 ltomanam
1580 918 1652 945 clas-

864 970 941 995 sem;
958 963 1107 997 Augustum
1118 969 1182 989 vero
1198 962 1332 996 intrepido
1344 963 1436 990 animo
1449 964 1515 989 bene
1529 968 1651 997 paratum

865 1007 995 1034 adversus
1008 1014 1197 1042 quamcunque
1214 1008 1280 1039 vim,
1298 1007 1402 1034 hostem
1425 1009 1494 1041 apud
1513 1009 1652 1036 Cherrho-

867 1059 962 1079 nesum
976 1052 1113 1087 opperiri;
1130 1057 1170 1085 ut,
1184 1053 1305 1086 inquam,
1319 1054 1438 1086 Augusto
1448 1053 1515 1080 satis
1528 1055 1652 1082 constitit

864 1097 956 1125 Gallos
971 1097 1045 1124 hisce
1061 1097 1162 1124 nuntiis
1186 1099 1327 1132 perculsos
1351 1098 1405 1125 alio
1429 1106 1491 1132 spes
1516 1107 1651 1134 curasque

867 1148 983 1175 vertere,
1001 1151 1088 1178 neque
1105 1144 1137 1169 ab
1153 1143 1198 1176 iis,
1214 1151 1284 1170 nunc
1300 1144 1419 1178 quidem,
1439 1145 1588 1179 periculum
1606 1147 1650 1172 in-

865 1194 950 1221 stare,
966 1195 1021 1216 tum
1037 1196 1104 1216 sane
1121 1189 1178 1223 ipse
1194 1195 1329 1217 maturum
1344 1190 1459 1217 credidit
1479 1191 1506 1217 in
1528 1198 1650 1218 commo-

867 1232 970 1260 diorem
985 1233 1108 1261 hibernis
1125 1234 1214 1259 locum
1241 1234 1403 1268 demigrare.
1428 1234 1468 1261 Ad
1495 1235 1521 1262 id
1546 1236 1652 1263 delecta

865 1279 1033 1313 Calliopolis,
1047 1287 1102 1313 quo
1117 1284 1146 1306 ιιι
1170 1287 1200 1307 se
1219 1280 1347 1312 contulit,
1372 1287 1471 1314 pra!le
1488 1281 1580 1308 habuit
1593 1281 1652 1309 Διι-

864 1330 970 1360 gustam
989 1330 1102 1352 matrem
1118 1333 1226 1352 meatu:
1256 1326 1298 1352 cui
1320 1331 1409 1352 castra
1435 1327 1576 1360 sequendi,
1600 1327 1651 1354 dc-

864 1370 996 1404 gendique
1010 1377 1133 1404 peregre,
1148 1377 1229 1397 causa
1238 1375 1297 1396 erat
1308 1371 1394 1403 prima
1405 1376 1433 1398 et
1444 1372 1607 1405 necessaria,
1618 1373 1653 1400 de

864 1423 916 1450 qua
936 1423 1007 1449 sape
1018 1416 1147 1446 diximus.
1165 1416 1343 1443 ministerium
1357 1417 1415 1443 viro
1427 1417 1610 1445 adhibendum
1623 1418 1651 1445 iu

863 1461 939 1495 gravi
970 1461 1067 1496 pedum
1097 1461 1192 1488 morbo
1215 1469 1268 1496 quo
1287 1462 1308 1488 is
1332 1462 1482 1490 laborabat.
1510 1463 1650 1498 Caliiopoii

863 1508 1004 1542 Augustus
1019 1508 1091 1535 velut
1111 1509 1138 1535 in
1151 1509 1274 1535 excubiis
1294 1508 1456 1542 quibusdam
1474 1509 1525 1536 fuit
1549 1515 1604 1537 toto
1618 1518 1652 1539 eo

866 1559 986 1587 tempore
1002 1561 1056 1588 quo
1075 1561 1231 1581 commeare
1246 1562 1294 1587 per
1312 1554 1357 1580 illa
1374 1555 1457 1581 maria
1474 1555 1576 1583 classes
1599 1555 1653 1582 La-

864 1601 927 1626 tiiue
944 1600 1099 1632 solent;eo
1113 1600 1223 1627 demum
1248 1604 1386 1627 transacto
1406 1601 1462 1635 jam
1487 1608 1599 1629 securus
1623 1602 1651 1630 in

865 1646 958 1672 urbem
974 1645 1074 1679 regiam
1089 1652 1118 1672 se
1135 1645 1241 1679 recipit.
1254 1643 1312 1671 Non
1327 1645 1371 1671 diu
1389 1645 1424 1671 ibi
1439 1646 1650 1678 quieveratcum

865 1690 978 1725 trepidis
992 1690 1128 1717 excitatur
1144 1689 1247 1716 nuntiis
1263 1690 1380 1724 ingentis
1408 1690 1569 1724 irruptionis
1582 1691 1650 1718 Tur-

864 1744 960 1763 corum
980 1744 1013 1763 ex
1034 1736 1140 1763 cunctis
1160 1735 1280 1762 Orientis
1301 1735 1458 1769 regionibus
1480 1741 1508 1763 et
1535 1744 1569 1764 ex
1592 1738 1651 1772 ipso

863 1781 1003 1809 Coros-aue
1026 1781 1058 1808 ad
1083 1781 1280 1815 quinquaginta
1307 1781 1388 1808 millia
1415 1787 1649 1816 congregatarum.

863 1824 996 1852 Nimirum
1013 1825 1094 1852 fatale
1109 1833 1170 1852 meo
1183 1825 1253 1860 patri
1273 1824 1324 1852 fuit
1341 1831 1371 1852 ιιι
1390 1833 1424 1853 ne
1437 1828 1469 1853 ad
1484 1832 1649 1854 momentum

864 1872 971 1906 quidem
987 1876 1043 1898 toto
1057 1871 1224 1906 principatus
1236 1870 1277 1897 sui
1295 1876 1427 1905 tempore,
1440 1879 1504 1898 cura
1518 1876 1544 1898 et
1557 1873 1653 1900 labore

865 1925 966 1944 vacuus
982 1922 1073 1952 posset
1087 1917 1188 1944 vivere.
1219 1917 1293 1943 Adeo
1310 1917 1354 1943 alii
1382 1918 1510 1944 continuo
1533 1926 1565 1945 ex
1589 1919 1650 1945 aliis

827 1965 850 1996 C
865 1962 1076 1991 succreSCebant
1091 1962 1203 1996 hostes;
1221 1962 1272 1989 alia
1285 1968 1317 1989 ex
1336 1962 1397 1989 aliis
1410 1962 1478 1990 bella
1492 1964 1651 1997 surgebantl

869 2006 943 2033 Novo
963 2005 1083 2040 periculo
1098 2006 1176 2032 novis
1192 2005 1312 2032 consiliis
1324 2007 1488 2034 occurritur.
1512 2006 1651 2035 Convocat

865 2053 1013 2087 imperator
1026 2052 1058 2078 ad
1071 2058 1156 2085 seque
1173 2051 1244 2086 cogit
1259 2052 1377 2085 undique
1402 2052 1526 2078 militiam
1551 2053 1653 2080 Roma-

866 2107 926 2126 nam
943 2099 1115 2129 unirersam;
1133 2100 1160 2123 et
1185 2101 1326 2122 assecutus
1350 2096 1506 2130 c0ujectura
1533 2103 1650 2131 tempus,

865 2154 917 2181 quo
934 2151 1054 2179 tempore
1069 2150 1117 2177 pro
1141 2150 1215 2169 more
1235 2142 1354 2176 ipsorum
1380 2143 1482 2175 pridem
1505 2143 1652 2171 observato

864 2190 1029 2220 incursaturi
1044 2188 1262 2216 Christianorum
1281 2192 1368 2214 terras
1387 2188 1431 2214 isti
1446 2186 1556 2215 Barbari
1574 2189 1649 2216 vitle-

865 2239 974 2268 bantur,
987 2242 1179 2270 prmoccupare
1194 2233 1259 2260 illud
1276 2233 1449 2267 expeditione
1464 2234 1644 2266 maturanda,

864 2289 891 2310 et
908 2282 1015 2317 prodire
1030 2280 1083 2307 illis
1099 2279 1206 2306 obviam
1221 2278 1325 2305 statuit.
1352 2277 1462 2305 Fretum
1486 2287 1550 2313 ergo
1576 2280 1651 2314 quod

867 2327 996 2355 Damalim
1030 2331 1057 2352 et
1081 2323 1239 2359 Byzantium
1268 2323 1421 2356 iuterjacet,
1441 2325 1539 2351 transit
1567 2333 1575 2352 :
1600 2333 1651 2352 nec

868 2375 938 2402 forte
963 2380 1011 2406 per
1029 2379 1076 2398 eos
1105 2371 1163 2397 dies
1191 2371 1381 2403 ingravescens
1415 2378 1474 2396 curn
1500 2372 1649 2398 retardavit

13 2423 98 2456 ιῦτη
123 2419 174 2455 μὲν
187 2418 234 2446 οὖν
253 2419 349 2454 πρώτη
360 2419 434 2445 αἰτία
457 2419 506 2453 τῆς
521 2416 585 2445 τῶν
598 2420 687 2446 ποδῶν
703 2421 744 2453 die,

921 2427 964 2445 um
979 2418 1065 2444 dolor.
1078 2415 1164 2451 Atiligi
1181 2416 1303 2442 Alerium
1321 2415 1373 2441 isto
1390 2415 1485 2442 inorbo
1501 2421 1554 2442 tam
1566 2417 1651 2449 perli-

17 2479 56 2500 ης
84 2466 140 2493 τοῦ
165 2465 312 2500 βασιλέως*
346 2464 442 2500 αίγὰρ
463 2465 555 2491 ὀδύναι
580 2467 634 2492 τῶν
649 2467 749 2499 τόπων,
777 2469 818 2499 εἰς

19 2523 84 2542 Ϊ,υτ
92 2514 129 2543 ‘1;
143 2511 179 2537 τὰ
196 2510 320 2546 ῥεύματα
338 2510 545 2545 ἐφειλκύσαντο.
558 2511 679 2546 Δευτέρα
697 2511 753 2546 (42)
770 2513 818 2539 καὶ

868 2465 972 2493 naciter
987 2462 1069 2489 videri
1086 2462 1183 2487 mirum
1200 2465 1317 2494 poterat.
1336 2459 1401 2486 Nam
1417 2468 1503 2493 neque
1517 2461 1652 2494 repetenti

869 2509 1044 2537 domesticam
1063 2506 1123 2541 ejus
1146 2505 1301 2532 memoriam
1328 2505 1469 2539 quisquam
1492 2510 1652 2533 occurreres

552 2567 650 2598 Varius
671 2567 825 2598 lectiones
846 2576 885 2597 ex.
897 2565 966 2597 cod.
982 2563 1118 2595 Coislin.

41 2624 73 2639 δ”
101 2619 245 2652 ἱστόρητο.
277 2618 301 2634 ⁸⁸
314 2619 394 2645 Deest
414 2617 509 2646 vocula
534 2619 598 2654 γάρ.

52 2667 71 2691 -ι-
78 2654 180 2684 ἐνῖιος.

638 2619 661 2634 ⁵⁵
675 2619 810 2654 πολέμων.

853 2619 873 2634 ⁵⁷
889 2618 989 2644 Desunt
1014 2622 1092 2642 voces
1119 2613 1188 2640 κατᾶ
1213 2611 1267 2638 τῶν
1295 2611 1477 2646 Χριστιανῶν.

1523 2611 1545 2627 ⁸⁸
1563 2612 1647 2648 παρὰι.

556 2696 626 2726 Car.
648 2696 812 2727 Dufresnii
844 2697 891 2726 Du
909 2695 1020 2733 Cangii
1040 2698 1133 2724 notas.

40 2751 122 2789 (ιι)
140 2750 210 2778 Καθ’
226 2749 263 2776 ὃν
279 2747 394 2782 καιρόν.
413 2747 480 2775 Vide
493 2752 570 2775 notas
584 2748 616 2775 ad
636 2747 767 2775 Villhard.
786 2756 814 2774 ιι.

13 2794 52 2820 ‘J.

42 2817 126 2856 ξιξ)
144 2819 281 2854 Δευτέρα.
298 2819 345 2846 llis
359 2818 472 2852 duabus,
488 2819 649 2854 Ποδαλγίας,
666 2826 712 2846 seu
728 2817 816 2846 Poda-

869 2755 924 2780 μην
938 2747 1024 2773 Atexii
1039 2746 1156 2780 parentis
1169 2745 1270 2776 enus-is,
1288 2745 1396 2774 tertiam
1420 2744 1518 2770 addere
1542 2748 1649 2780 poterat

867 2779 956 2813 Anna,
973 2790 1053 2815 quam
1068 2780 1237 2814 Nicephorius
1249 2779 1352 2806 Callist.
1370 2780 1415 2807 lib.
1435 2787 1511 2811 ιιι-ιιι,
1525 2787 1585 2813 cap.
1599 2779 1651 2815 740,

869 2818 961 2851 rcl'ert,
982 2814 1251 2850 Constantinopolim
1285 2821 1381 2849 ncmpc
1410 2815 1560 2841 incolentes
1598 2814 1651 2842 hac
