1853 3036
36 140 108 172 1069

646 134 852 166 ALEXIADIS
869 134 942 164 ΗΒ.
960 133 1040 164 XIV.

1595 129 1662 161 1070

35 201 85 227 εἶτ’
103 199 181 230 αὖθις
196 194 273 229 οὗτος
293 197 333 228 εἰς
349 196 453 231 ἕτερον.
467 195 521 222 Καὶ
536 193 569 230 ἦν
588 194 637 230 μὲν
653 195 680 220 ὲν
706 193 766 221 διαλ

933 199 991 223 ans,
1008 198 1022 217 a
1038 197 1148 224 vespera
1164 190 1262 224 sa‘pius
1276 188 1308 216 ad
1326 195 1432 218 noctem
1452 191 1579 222 mediam.
1593 199 1664 226 saepe

37 255 108 282 μασι
140 245 243 276 τούτοις
276 245 293 279 ἠ
315 244 422 274 στάσις.
452 242 482 268 ’0
505 242 532 268 δὲ
555 241 604 276 τὴν
631 241 726 266 στάσιν
753 237 825 273 εἶχεν

37 292 193 328 ἀπέραντον
208 291 289 324 μέχρι
316 288 430 324 πρώτης
446 288 610 323 ἢ.δευτὲρας
637 286 828 319 ἀλεκτοροφω-

37 338 111 368 νίας.
127 337 232 371 Μικρὸν
251 335 273 361 δ’
287 334 498 367 ἀναπαυόμενος
514 333 590 367 ἡλίου
610 332 690 359 πάλιν
704 331 827 364 ἀνίσχον-

36 392 86 414 τος
102 383 148 408 ἐπὶ
163 381 209 407 τοῦ
229 381 324 415 θρόνου
341 379 464 413 καθῆστο
479 399 485 410 ,
497 379 543 404 καὶ
561 378 640 404 πάλιν
651 378 740 412 ἕτεροι
752 376 828 402 πόνοι

38 430 90 456 καὶ
106 428 211 462 ἀγῶνες
233 427 323 453 διπλοῖ
337 427 399 457 τοὺς
417 425 591 464 νυκτερινοὺς
608 424 728 454 ἐκείνους
744 422 829 448 διαδε-

37 476 164 510 χόμενοι.
187 474 235 500 Ἐκ
246 473 349 507 ταύτης
369 471 515 505 τοιγαροῦν
537 471 586 505 τῆς
603 470 692 501 αἰτίας
715 470 731 503 ὴ
748 468 828 503 ὀδύνη

37 522 95 547 τῶν
113 520 200 547 ποδῶν
229 520 378 554 ἐνσκήπτει
395 518 441 544 τοῦ
464 518 677 552 αὐτοκράτορος.
713 514 828 541 "Exeat:

37 567 68 593 δὲ
86 568 168 602 μέχρι
193 565 288 596 τέλους
313 566 345 591 ἐκ
369 563 567 598 διαστημάτων
589 562 669 588 τινῶν
695 561 830 596 χρονικῶν

39 613 124 647 ἐπῄει
138 612 167 637 τὸ
183 611 273 646 ῥεῦμα
286 610 383 644 ὀδύνην
399 610 501 643 ἐπάγον
525 608 652 642 ἔφυδρον.
681 607 709 634 Ὀ
733 607 761 633 δὲ
785 615 830 632 το-

41 658 141 684 σοῦτον
164 656 342 691 ἐγκαρτερῶν
365 653 410 687 ἦν,
434 655 471 686 ὡς
491 655 626 689 μηδέποτε
644 653 829 687 γογγυστικὺν

40 705 134 730 εἰπεῖν
153 704 238 738 ῥῆμα,
259 702 327 728 ἀλλὰ
341 701 370 727 τὸ
388 701 472 734 ἀξίως
488 701 612 734 πάσχων*
629 700 831 732 Εὺ.1όγωςμοι

39 750 138 776 ταῦτα
158 749 269 783 γίνεται
283 748 333 774 διὰ
349 747 406 780 τὴν
421 746 480 772 τῶν
495 745 574 780 ἐμῶν
592 743 742 778 ἁμαρτιῶν
754 746 832 776 πλη-

41 795 112 822 θύν.
131 795 160 820 Εἰ
174 793 220 820 καί
239 802 290 820 που
301 793 328 818 δὲ
343 793 397 818 τῶν
413 791 524 826 χειλέων
542 790 624 817 αὑτοῦ
643 791 717 825 ῥῆμα
736 798 832 824 μικρο-

40 840 144 875 ψυχίας
161 840 372 874 ἑχδεδραμήκει.
386 838 466 869 εὐθὺς
476 838 514 872 τῷ
528 838 575 864 τοῦ
591 836 712 869 σταυροῦ
727 836 833 870 σημείῳ

40 886 117 911 κατὰ
142 884 188 910 τοῦ
212 883 382 919 παλαμναίου
397 883 496 918 ἐχρῆτο
518 883 653 918 δαίμονος⁷
673 883 776 917 imbre,
793 882 836 908 λέ-

41 940 113 965 γων,
134 930 168 962 ἐξ
187 930 272 964 ἐμοῦ,
290 928 424 962 πονηρέ·
440 929 508 955 οὐαί
532 936 581 955 σοι
597 927 648 954 καὶ
672 927 735 960 τοῖς
760 926 836 954 κατὰ

40 977 105 1004 τῶν
131 976 318 1011 Χριστιανῶν
348 975 586 1011 μηχανήμασιν]
620 974 699 1001 Ἀλλὰ
726 975 760 1000 τὰ
787 974 836 1009 μὲν

39 1025 93 1058 τῆς
121 1024 176 1050 τῶν
212 1023 300 1050 ποδῶν
341 1022 487 1057 ἀλγηδόνος
517 1021 615 1053 ἱκανῶς
653 1021 720 1056 ἡμῖν
757 1020 838 1055 είρή-

42 1070 103 1096 σῠω
130 1070 163 1096 τὰ
192 1069 250 1096 νῦν.
275 1069 305 1095 El
326 1069 353 1095 δέ
381 1075 422 1099 τις
445 1069 478 1103 τῇ
500 1068 569 1102 νόσῳ
588 1067 673 1102 ταύτῃ
690 1066 835 1101 συνήρατο,

41 1116 101 1141 κὰκ
121 1113 168 1141 τοῦ
197 1113 379 1147 κερασθέντος
404 1112 491 1146 τούτῳ
507 1111 607 1146 μεστοῦ
627 1110 740 1145 πικρίας
769 1118 837 1145 κρα-

40 1161 140 1195 τῆρος,
169 1159 261 1190 καθὼς
288 1160 317 1185 ὲν
345 1157 445 1192 ὀλίγοις
474 1155 700 1193 ὲνσημανούμεθ,
723 1156 767 1182 ἶνα
800 1154 837 1190 μὴ

40 1206 119 1240 λέγω
132 1205 162 1231 τὸ
186 1206 252 1236 πᾶν,
270 1204 317 1230 καὶ
334 1202 384 1234 τὰς
408 1202 557 1237 ἀλγηδόνας
575 1200 734 1234 συνηύξανε,
753 1197 805 1224 κᾶν
819 1198 836 1231 ή

45 1251 154 1287 βασιλὶς
179 1250 268 1284 μέλιτι
287 1248 332 1274 τὸν
349 1241 476 1283 κρατῆρα
490 1247 672 1282 περιχρίουσα
692 1246 725 1271 τὰ
750 1244 835 1270 πολλὰ

44 1296 239 1324 διολισθαίνειν
255 1295 309 1320 τῶν
327 1293 420 1320 κακῶν
435 1294 604 1328 ἐμηχανᾶτο,
621 1290 710 1324 φύλαξ
721 1289 838 1316 ἀνύπα-

47 1351 119 1374 κτος
143 1341 190 1368 τοῦ
215 1340 417 1375 αὐτοκράτορος
453 1337 532 1371 οὖσα,
569 1336 765 1372 προσερῥίφοω
791 1335 838 1361 καὶ

43 1387 126 1420 οὗτος
139 1388 178 1423 τῷ
192 1387 275 1422 λόγῳ,
293 1387 340 1413 καὶ
355 1387 425 1412 ἔστω
441 1386 521 1420 τρίτη
538 1393 581 1416 τις
597 1383 672 1410 αἰτία
694 1382 744 1417 τῆς
758 1382 837 1408 νόσου

46 1436 99 1462 τοῦ
118 1435 261 1470 βασιλέως,
280 1434 310 1460 οὐ
341 1432 570 1468 προκαταρκτικὴ
598 1430 691 1465 μόνον,
710 1429 777 1455 ἀλλὰ
791 1427 839 1454 καὶ

47 1481 274 1514 συνεκτικωτάτη
302 1479 374 1506 κατὰ
397 1478 461 1509 τοὺς
479 1477 578 1508 παῖδας
593 1477 647 1502 τῶν
666 1475 768 1510 ἰατρῶν
782 1483 789 1490 ·
807 1475 838 1500 οὐ

44 1530 102 1563 γὰρ
121 1526 249 1558 καθάπαξ
268 1524 501 1561 προσκεκρουκὼς
530 1524 636 1554 ἐκεῖνος
667 1522 752 1556 ἀπῆν,
771 1520 840 1547 ἀλλὰ

45 1575 201 1609 συμπαρῆν
216 1574 262 1599 καὶ
276 1571 527 1606 συμπαρωμὰρτει,
540 1570 578 1600 ὡς
602 1570 631 1594 ὲν
645 1570 700 1600 τοῖς
716 1567 840 1602 ἀγγείοις

44 1621 73 1648 ei
88 1619 270 1654 πονηρότατοι
288 1617 343 1643 τῶν
357 1615 453 1651 χυμῶν
466 1622 474 1629 ·
489 1614 589 1649 μᾶλλον
603 1613 630 1639 δὲ
648 1613 723 1643 εἴτις
736 1612 776 1642 είς
791 1611 841 1654 τὴν

47 1653 157 1693 ἐκείνου
174 1664 255 1699 φύσιν
272 1662 391 1694 ἀπεῖδεν,
404 1660 433 1687 οὐ
451 1660 531 1695 μόνον
542 1658 616 1685 αἰτία
629 1657 785 1692 νοσήματος
795 1653 838 1690 ἦν,

50 1712 123 1739 ἀλλὰ
154 1711 201 1738 καὶ
218 1710 350 1745 ἄντικρυς
374 1708 483 1741 νόσημα
504 1705 553 1732 καὶ
579 1704 732 1740 βαρύτατον
771 1702 843 1736 σύμ-

46 1766 162 1792 πτωμα.

879 238 911 264 ad
930 237 1039 264 tertium
1055 235 1233 270 gallicinium,
1259 236 1395 263 interdum
1419 245 1503 271 usque
1525 238 1558 264 ad
1589 239 1665 265 albe-

880 290 957 309 scens
975 289 988 307 a
1002 281 1058 308 sole
1074 282 1202 308 redeunte
1227 281 1323 308 malum
1349 281 1592 316 disceptationibus
1615 285 1666 310 im-

881 326 993 354 modicis
1007 333 1096 358 aures,
1111 326 1241 356 animum.
1255 334 1346 353 vocem
1366 328 1504 362 praebebat
1525 329 1558 355 ad
1573 338 1666 356 omnes

881 374 968 399 undas
983 372 1097 399 subinde
1115 372 1315 398 sucredentinm
1336 381 1406 400 unus
1432 374 1538 407 olijectu
1557 382 1665 408 semper

881 418 967 444 solido
982 416 1129 444 sufﬁciens.
1147 415 1222 444 Unus
1240 417 1318 451 plane
1334 427 1340 450 ;
1361 427 1421 444 ιιτιιιι
1440 419 1589 446 aulicorutn
1603 428 1668 454 pne-

883 463 1085 490 toriauorunne
1100 470 1212 496 prorsus
1225 469 1285 490 erat
1301 471 1380 490 nemo
1394 465 1439 499 qui
1466 465 1555 492 standi
1580 466 1667 492 couti-

882 511 1011 537 nuatioue
1040 518 1091 536 nou
1118 509 1267 538 fatisceret.
1292 510 1419 544 Plerique
1449 511 1531 546 igitur
1553 513 1667 540 subimle

883 556 1033 582 dilabentes
1059 556 1152 583 furtim
1171 556 1269 583 alicubi
1301 557 1525 590 proemnbebanl,
1551 559 1668 592 quieturi

883 600 1032 634 paululum,
1050 608 1110 627 mox
1131 609 1191 627 sese
1209 600 1268 627 loco
1282 601 1407 634 pcrinviti
1425 602 1544 636 quidem,
1566 611 1597 629 ac
1616 612 1668 630 nou

885 645 935 672 nisi
951 645 1039 672 oﬂicio
1058 652 1179 680 cogente,
1206 646 1349 673 reddituri.
1371 646 1420 679 Qui
1440 655 1503 674 vero
1527 649 1669 675 ministeiii

886 691 1049 717 necessitate
1064 698 1095 717 ac
1109 691 1274 717 verecundia
1292 693 1389 718 retenti
1405 692 1571 726 perstabant,
1589 694 1604 719 ii
1630 695 1671 720 al-

886 740 973 762 terum
989 737 1015 762 in
1033 736 1126 770 pedem
1145 737 1327 764 alternatione
1343 739 1458 766 subinde
1472 745 1574 765 mutata
1599 740 1671 766 irini-

887 782 1030 814 tebantur;
1046 782 1153 815 quidam
1178 783 1342 810 sessitabant
1367 784 1492 819 uspiam;
1520 785 1563 811 alii
1591 792 1672 820 caput

887 834 960 855 certe
988 828 1147 856 lassitudine
1174 834 1200 855 el
1228 830 1316 856 somni
1351 831 1501 858 lentatione
1532 831 1671 864 inﬂexum,

888 873 979 900 cubito
995 874 1034 900 rei
1049 873 1141 900 SOIldLC
1160 874 1251 900 innixo
1267 875 1452 908 sustinebant;
1470 881 1607 910 postremo
1620 886 1672 903 non

888 919 999 946 deerant
1016 916 1060 953 qui
1077 920 1263 954 apprimcntcs
1276 928 1304 947 se
1322 921 1417 954 parieti
1435 921 1564 948 sessionis
1579 931 1675 956 quem-

888 966 948 993 dam
965 974 1042 993 usum
1061 965 1131 993 mole
1146 966 1270 1000 corporis
1286 966 1313 992 in
1328 966 1443 993 fulcrum
1459 975 1607 995 exonerata
1634 968 1676 995 fu-

889 1016 1030 1044 rarentur;
1045 1016 1139 1046 vegeto
1152 1011 1262 1038 interim
1283 1012 1314 1038 ad
1329 1013 1419 1038 omnia
1436 1018 1462 1039 et
1478 1013 1546 1040 velut
1566 1021 1676 1041 recente

888 1065 995 1092 semper
1011 1058 1133 1092 Augusto
1158 1063 1316 1091 apparente,
1338 1058 1414 1092 cuius
1439 1058 1498 1085 ideo
1518 1057 1674 1086 ﬁrmitatem

889 1103 1007 1139 pectoris
1022 1106 1049 1130 et
1061 1102 1214 1130 tolerantia:
1229 1103 1312 1129 robur
1338 1103 1504 1130 incredibilis
1528 1111 1589 1138 quae
1608 1106 1675 1132 satis

893 1149 1043 1184 praedicare
1060 1153 1142 1183 queat
1165 1148 1271 1175 oratio?
1284 1148 1411 1175 Tumultu
1433 1149 1508 1176 vario
1532 1150 1677 1178 fervebant.

889 1195 943 1225 late
959 1200 1074 1226 cuncta;
1091 1195 1167 1221 turba
1185 1194 1314 1221 bulliebat
1327 1195 1429 1222 circum
1452 1196 1561 1231 ingens;
1590 1196 1676 1224 multa

889 1241 970 1269 simul
986 1248 1082 1268 omnes
1092 1241 1248 1275 garriebant
1265 1248 1313 1275 pro
1336 1249 1364 1268 se
1390 1242 1517 1276 quisque,
1543 1248 1624 1278 atque
1648 1249 1678 1271 ut

889 1287 1023 1314 lltunerus
1049 1287 1140 1319 habet,
1165 1287 1265 1313 mistim
1298 1287 1386 1315 fracto
1414 1288 1487 1315 velut
1504 1290 1676 1323 graculorum

891 1340 1028 1360 umrmure
1058 1333 1114 1359 siue
1143 1333 1194 1365 ﬁne
1222 1332 1328 1360 modove
1360 1334 1517 1368 fremebant.
1553 1334 1679 1370 Singulos

889 1378 1036 1406 fabulando
1050 1379 1240 1414 jurgandoque
1256 1379 1342 1406 lassos
1369 1380 1483 1417 ideoque
1511 1381 1678 1413 recedentes,

891 1425 1065 1458 excipiebant
1083 1430 1208 1452 recentes
1234 1425 1291 1457 alii,
1321 1430 1348 1452 et
1366 1425 1416 1458 ipsi
1442 1425 1521 1459 longo
1545 1426 1679 1460 colloquio

890 1473 982 1499 verbis
999 1471 1141 1498 cxlnntstis
1169 1478 1253 1498 novos
1276 1479 1325 1498 nec
1345 1471 1433 1497 minus
1455 1471 1593 1506 linguosus
1618 1481 1681 1499 suc-

854 1531 874 1560 C
890 1526 1015 1547 cessuros
1031 1516 1111 1554 437
1130 1517 1259 1544 habituri.
1277 1516 1355 1543 Vices
1371 1525 1435 1552 ergo
1453 1518 1519 1551 ipsis
1543 1523 1569 1544 et
1592 1519 1680 1552 spatia

891 1564 1015 1592 cessandi
1030 1569 1125 1596 erant;
1144 1563 1266 1597 Augusto
1282 1562 1476 1596 interspirandi
1495 1570 1570 1589 mora
1585 1564 1679 1596 nulla;

893 1609 919 1636 itt
936 1609 1051 1643 vestigio
1067 1608 1091 1635 ei
1108 1608 1283 1642 perstandum
1300 1615 1313 1633 a
1332 1608 1418 1642 prima
1436 1608 1494 1635 face
1508 1610 1540 1634 ad
1563 1610 1680 1643 primum

893 1656 1042 1682 alterumve
1058 1654 1120 1689 galli
1135 1661 1259 1681 cantum.
1280 1652 1355 1681 Tunc
1374 1659 1483 1688 gustato
1507 1662 1604 1682 somno
1622 1663 1681 1682 mo-

895 1701 966 1732 dico,
986 1701 1042 1727 sole
1060 1706 1153 1727 rursus
1175 1699 1281 1726 oriente
1297 1706 1325 1726 se
1342 1700 1470 1726 reddebat
1489 1702 1587 1727 throno
1609 1706 1636 1728 et
1652 1701 1678 1728 in

899 1748 992 1774 orbem
1011 1746 1146 1773 hesterna:
1172 1745 1354 1772 contentionis
1380 1745 1495 1777 redibat.
1517 1747 1610 1773 eadem
1636 1747 1682 1774 ille

46 1806 159 1842 quidem
177 1805 200 1832 vi
222 1803 304 1832 animi
319 1813 327 1838 ;
341 1803 387 1830 sed
403 1801 517 1828 ﬁrmitas
543 1797 667 1832 corporis
688 1796 843 1823 continuata
864 1794 967 1822 diurna:
984 1798 1178 1827 nocturnaeque
1211 1793 1341 1820 molestia:
1361 1793 1457 1828 injuria
1493 1793 1682 1828 languescens,

48 1840 229 1883 emciebatut
250 1851 330 1886 duplo
347 1850 404 1877 fere
432 1848 542 1884 gravior
567 1846 600 1873 ad
626 1851 734 1872 sensum
758 1843 934 1877 experientiae
966 1842 1041 1868 labor
1064 1841 1202 1868 videretur
1236 1841 1259 1868 is
1292 1841 1337 1875 qui
1373 1845 1412 1866 tot
1451 1840 1505 1874 jam
1539 1842 1682 1868 exautlatis

49 1899 251 1934 superveniret.
268 1897 331 1924 lliec
362 1896 481 1923 maxime
510 1900 591 1920 causa
619 1891 734 1918 intendit
756 1888 980 1922 conﬁrmavitque
1010 1886 1165 1921 imperatori
1197 1886 1317 1913 dolorem
1350 1886 1459 1920 pedum,
1483 1886 1527 1920 qui
1554 1887 1681 1920 deinceps

48 1933 106 1974 non
122 1944 225 1972 destitit
240 1944 272 1969 ad
289 1943 368 1969 linem
388 1948 473 1976 usque
491 1940 573 1967 certis
588 1937 737 1966 intervallis
751 1944 840 1964 acretn
863 1936 913 1969 ipsi
925 1943 958 1961 ex
973 1934 1097 1962 humoris
1114 1933 1209 1961 aﬂluxu
1223 1934 1344 1961 dolorem
1376 1935 1508 1966 incutere,
1544 1934 1619 1968 cujus
1639 1933 1683 1962 ille
1722 1961 1727 1966 ,

50 1998 162 2019 sensum
190 1989 296 2024 egregia
327 1994 433 2022 semper
466 1987 596 2021 patientia
634 1983 844 2015 dissimulabat,
866 1989 1002 2015 nunquam
1038 1981 1148 2007 auditus
1173 1979 1314 2014 conqueri.
1333 1985 1379 2006 aut
1408 1980 1517 2006 verbum
1535 1981 1575 2006 vel
1601 1988 1682 2007 unum

51 2039 163 2066 mittere
186 2045 239 2071 quo
262 2035 382 2063 divinum
407 2033 512 2061 Numen
540 2034 667 2060 incusare
695 2032 840 2057 videretur.
864 2030 907 2056 Illa
924 2036 989 2054 vero
1002 2027 1117 2054 subinde
1135 2028 1277 2054 iterantem
1312 2027 1482 2055 exaudtrcs:
1514 2027 1684 2062 Dignuswm

49 2085 99 2120 qui
128 2085 180 2110 ha'c
206 2083 311 2117 patiar;
339 2081 434 2108 merito
460 2080 525 2106 mihi
548 2079 613 2105 (alia
651 2078 806 2111 contingunt
827 2075 857 2103 ob
896 2075 1091 2102 multitudinem
1118 2078 1287 2108 peccatorum
1316 2081 1442 2100 meorum.
1473 2073 1549 2106 Quod
1577 2075 1598 2100 si
1625 2082 1685 2108 qum

52 2131 202 2165 aliquando
217 2137 264 2165 per
277 2128 475 2156 vehementiam
490 2127 591 2154 doloris
607 2133 657 2152 vox
673 2125 751 2152 labiis
776 2124 906 2158 effugeret
923 2122 1134 2149 imbecillitatem
1151 2122 1295 2155 quamdam
1326 2121 1449 2148 indicans
1490 2126 1516 2148 et
1552 2121 1683 2154 objectio-

51 2187 116 2206 ncm
140 2178 220 2204 aniini
247 2176 358 2204 lerendo
384 2174 506 2208 imparis,
531 2173 622 2199 statim
651 2172 730 2205 signo
755 2171 844 2197 crucis
865 2169 998 2196 adversus
1038 2167 1234 2194 exsecrabilem
1254 2166 1382 2192 utebatur
1407 2167 1570 2199 daemonem,
1594 2165 1682 2201 Fuge.

51 2226 189 2260 inquiens.
204 2233 219 2250 ιι
234 2232 274 2250 me
288 2222 431 2253 scelerate;
446 2226 481 2247 va:
498 2220 545 2246 tibi
560 2224 583 2246 et
597 2220 648 2245 tuis
663 2223 756 2244 contra
772 2217 939 2243 Christianos
955 2213 1203 2241 machinationibus.
1222 2212 1358 2240 Hactenus
1389 2213 1422 2240 de
1457 2212 1550 2239 dolore
1584 2213 1682 2248 pedum

51 2258 303 2309 quiimpcratorem
324 2268 453 2295 extremis
487 2267 567 2294 annis
605 2265 739 2295 exercuit,
754 2264 853 2289 dictum
867 2270 881 2288 a
903 2262 980 2288 nobis
994 2260 1059 2287 satis
1073 2265 1141 2286 esto.
1166 2258 1261 2286 Utrum
1287 2263 1376 2308 autem
1401 2259 1433 2285 ad
1457 2258 1539 2309 istius.
1562 2266 1684 2293 causan,

53 2303 142 2347 morbi
153 2303 308 2353 symbolam
326 2315 449 2348 maligna:
466 2313 572 2339 virtutis
590 2311 708 2345 aliquam
733 2315 839 2343 quoque
861 2307 1006 2334 contulerit
1026 2305 1179 2340 plennsille
1193 2303 1384 2331 amaritudinis
1415 2307 1505 2330 crater
1516 2303 1540 2330 ei
1569 2304 1684 2331 niistus'!

52 2351 186 2401 Equidem
212 2363 400 2391 sub-audivisse
428 2361 548 2396 quatdam
580 2358 667 2385 fateor
699 2357 790 2392 paucis
819 2359 848 2382 et
865 2354 943 2388 quasi
958 2353 1094 2401 furtim-ac
1109 2351 1202 2401 timide
1216 2356 1359 2401 suggesta;
1376 2351 1423 2401 sed
1464 2358 1523 2384 qua:
1542 2358 1605 2401 .nec
1629 2351 1684 2384 ips.

53 2396 192 2440 ut-onmia
206 2409 382 2438 memorando
397 2408 544 2443 adiungere
556 2413 624 2439 opus
639 2409 696 2434 est;
713 2403 755 2430 cui
768 2402 840 2429 enim
862 2401 887 2427 id
905 2401 974 2426 l'oret
1004 2397 1077 2428 usui,
1113 2396 1164 2423 nisi
1194 2396 1227 2423 ad
1263 2396 1444 2423 refricandum
1466 2396 1603 2423 mentione
1630 2398 1685 2430 ipsa

56 2465 86 2488 et
133 2460 284 2494 augendum
313 2456 515 2483 acerbissimum
543 2452 683 2481 dolorem?
725 2451 884 2484 Quanquam
905 2448 1025 2482 Augusta
1039 2445 1146 2480 quidem
1164 2452 1218 2471 non
1240 2446 1344 2475 deerat,
1370 2449 1503 2494 craterem
1528 2444 1606 2471 melle
1631 2444 1686 2470 cir-

55 2488 220 2537 cundineiis,
239 2509 321 2538 atque
353 2501 482 2532 elliciens,
515 2503 545 2526 ut
567 2499 619 2525 isto
642 2497 720 2532 quasi
744 2495 874 2530 lapsantia
895 2493 999 2520 lubrico
1024 2491 1093 2518 mala
1117 2490 1247 2523 pleraque
1263 2496 1296 2516 ex
1321 2488 1427 2538 insidiis
1452 2489 1585 2538 immissa,
1608 2490 1686 2524 prius

55 2555 136 2582 irrita
152 2535 322 2582 corruerent,
347 2557 427 2584 quam
447 2547 519 2583 quod
545 2547 671 2581 petebant
690 2544 844 2578 attigissent
862 2545 965 2576 caput:
1000 2539 1094 2573 sicque
1113 2545 1166 2565 non
1206 2537 1332 2584 exiguum
1355 2535 1445 2584 [fretis
1467 2535 1585 2584 fructum
1613 2538 1685 2563 aeris

55 2581 131 2631 illius
148 2581 402 2631 inccnnivcntisque
414 2581 543 2623 custodia:
558 2600 611 2627 qua
626 2592 652 2618 in
666 2590 779 2625 Augusti
798 2589 913 2615 salutem
932 2586 1040 2613 assidue
1072 2584 1136 2619 vigil
1173 2583 1334 2611 excubabat.
1355 2581 1457 2631 Tamen
1493 2583 1619 2616 quoniam
1645 2584 1686 2610 vi-

56 2650 150 2678 tandis
168 2645 346 2675 incommodis
360 2630 416 2670 una
441 2642 565 2678 plurimis
582 2640 709 2666 continuo
743 2637 861 2670 undique
900 2634 1086 2669 ingruentibus
1101 2633 1145 2659 vix
1161 2639 1278 2666 unquam
1291 2638 1341 2666 par
1353 2635 1395 2657 est
1407 2630 1460 2658 ulla
1485 2632 1602 2678 ltuntana
1617 2639 1682 2665 pro-

55 2676 189 2727 videntia,
221 2691 326 2720 tertiam
347 2676 454 2725 quoque
482 2689 561 2715 istam
593 2685 754 2720 adjiciamus
779 2689 846 2710 sane
866 2688 976 2708 causam
994 2679 1080 2707 morbi
1099 2678 1198 2705 sontici
1216 2686 1269 2712 quo
1286 2681 1327 2704 est
1359 2677 1496 2727 angustus
1528 2676 1685 2710 infestatus,

56 2724 237 2772 eattsamiion
254 2724 423 2768 extrinsecus
453 2736 592 2771 appulsam
625 2734 758 2768 longeque
786 2731 950 2761 venientem,
982 2728 1027 2755 sed
1061 2727 1169 2762 penitus
1192 2727 1302 2754 insitam
1320 2724 1502 2760 profundeque
1529 2731 1686 2760 conceptam

58 2789 214 2818 visceribus
237 2796 269 2814 ac
295 2785 418 2813 medullis
445 2783 571 2810 intimis:
596 2788 655 2816 qua:
679 2779 731 2806 duo
755 2784 854 2812 genera
874 2784 1016 2803 causarum
1034 2775 1199 2810 distinguere
1214 2773 1238 2800 in
1255 2772 1410 2799 scrutandis
1442 2772 1591 2806 originibus
1619 2781 1689 2800 mor—

59 2839 160 2866 borum
176 2841 340 2863 consuevere
367 2831 533 2859 medicorum
555 2829 643 2864 pueri.
669 2826 786 2858 Dudum,
812 2824 935 2858 inquam,
952 2823 984 2850 ab
997 2823 1117 2856 Augusto
1132 2821 1227 2848 aberat
1250 2820 1295 2846 ille
1310 2819 1355 2854 qui
1391 2819 1456 2846 olim
1489 2819 1515 2845 in
1549 2825 1610 2845 eum
1635 2820 1687 2846 itii-
