1853 3036
184 118 253 151 1οἷ5

828 124 942 154 ANNIE
958 124 1149 157 COMNENE

1745 129 1810 162 1076

180 176 302 208 litteras;
326 176 425 203 vitaret
448 182 537 204 autem
560 185 735 214 congressum
760 188 821 208 cum
851 182 911 209 Tun

1075 183 1158 218 νδύνῳ
1178 184 1324 218 γεγονότες
1341 185 1392 212 οὐκ
1411 186 1579 213 ἐπελίθοντο
1591 186 1641 214 τοῦ
1657 187 1806 222 Καμύτζη,

180 227 208 248 et
234 221 360 256 paucitati
385 229 496 249 suorttm
522 231 608 258 pugna
636 226 795 254 declinanda
828 235 964 262 parceret.

180 267 220 292 Ad
237 267 286 294 hoc
304 267 447 302 imperium
466 276 590 304 egressus
602 271 647 298 illc
666 272 765 305 Niczca,
784 274 963 309 Contogmeu,

180 311 294 338 Ameren
319 313 508 341 Muchutncten
527 316 698 352 reliquosque
725 325 849 354 satrapas
869 321 965 355 depre-

180 359 273 386 hendit
288 359 313 386 in
339 361 398 387 loco
430 369 509 396 quem
527 369 623 390 vocattt
646 365 745 391 Aorala
760 386 767 397 ,
791 367 867 401 quasi
891 368 964 395 dicas

176 406 272 438 invisa,
292 414 340 433 nec
354 414 383 434 se
401 408 499 441 tenuit,
512 409 567 436 cito
582 411 706 438 videlicet
729 412 829 439 oblitus
853 416 962 440 manda-

178 456 264 477 torum
283 451 408 487 Augusti,
434 454 499 486 quin
513 455 670 489 confligeret
696 457 775 485 illim.
798 459 896 491 anci,
916 461 961 492 qui

177 496 229 529 iam
250 497 362 535 jamque
385 498 542 526 adfuturum
571 502 761 535 imperatori-tu
789 510 850 531 ante
876 507 962 533 credi-

175 542 291 576 derant,
333 545 377 570 ubi
415 546 534 573 vividum
570 549 748 584 enmdt-tnqne
786 552 960 585 improvisnm

175 587 314 623 Camytzis
327 590 455 624 impetum
470 600 589 626 sensere,
604 594 688 627 {facile
701 597 822 629 persuasi
840 606 895 626 rem
910 600 959 626 sibi

176 641 237 661 esse
255 643 314 661 cunt
333 636 495 671 imperatore
513 644 620 674 lotoque
633 643 764 675 exercitu,
783 649 855 679 tcrga
874 646 960 672 territi
990 674 993 677 ν

175 685 325 709 verterunt.
340 683 392 710 Sed
406 689 484 719 capto
495 690 557 713 tunc
572 687 670 721 Scytha
689 690 805 722 quodam
818 698 832 716 e
848 693 957 725 nostris,

174 726 218 753 ubi
235 735 265 753 ex
279 735 311 755 eo
339 732 489 764 percontati
508 740 522 758 a
538 733 666 768 Catnytze
685 743 735 762 uno
751 744 779 762 se
792 737 849 764 Ior'o
868 738 959 771 pulsos

173 773 343 808 didicerunt,
373 784 388 803 e
416 783 506 805 tnonte
536 779 561 806 in
588 787 667 814 quem
697 782 828 815 pavefacti
864 783 958 810 confu-

173 825 267 852 gerant
299 823 444 856 resttmptis
475 825 573 852 animis
603 827 785 860 descendunt,
815 834 842 859 et
859 838 957 864 magno

173 868 360 898 tympanorum
389 874 420 896 ac
447 868 669 897 vociferationum
695 873 783 900 sonitu
823 875 957 902 revocatis

171 915 187 934 e
214 909 274 944 fuga
302 912 420 947 undique
448 915 505 941 suis
529 916 706 950 popularibus
723 918 779 953 (qui
795 926 843 953 pro
862 921 956 953 peritia

171 954 268 988 lingua:
280 964 312 984 ac
335 966 438 986 morum
462 961 549 993 gentis
566 962 644 989 facile
669 964 760 990 statim
789 971 958 1000 agnoverunt

170 1008 231 1028 esse
247 1002 306 1029 illas
320 1011 400 1032 voces
424 1013 456 1032 ac
474 1007 550 1039 signa
564 1010 750 1036 revocantium
765 1011 905 1044 dispersos
922 1014 954 1039 ad

170 1054 244 1081 spem
274 1049 412 1076 meliorem
438 1052 520 1093 ΜΟ
551 1054 632 1082 rebus
660 1055 752 1091 salvis)
784 1059 828 1084 ubi
861 1067 956 1086 omnes

170 1093 358 1122 confluxerunt
382 1098 408 1123 in
436 1105 518 1125 unum
542 1107 654 1131 rursus.
670 1102 770 1129 reversi
790 1108 852 1130 sunt
877 1105 956 1132 simul

169 1138 196 1164 in
228 1139 365 1173 planitiem
399 1143 423 1169 ei
456 1144 515 1172 loco
546 1146 668 1180 proxime
698 1148 848 1183 subjectum
875 1158 954 1185 quem

169 1185 271 1212 Aorata
288 1187 404 1215 diximus
430 1195 564 1218 vocatum.
582 1191 615 1219 At
631 1193 783 1228 Camytzes,
802 1195 847 1229 qtti
869 1197 955 1230 printo

170 1229 215 1257 illo
233 1239 360 1260 successu
386 1235 503 1268 praadam
521 1236 648 1265 Barbaris
669 1240 817 1274 eripttisset
845 1242 954 1268 univer-

169 1284 244 1308 sam,
263 1286 314 1305 non
340 1281 447 1308 curavit
464 1282 548 1316 (quod
563 1288 588 1310 et
601 1283 679 1311 facile
694 1291 816 1318 poterat.
836 1292 863 1314 et
891 1296 955 1323 pru-

168 1322 264 1349 denter
299 1325 424 1360 debebat)
451 1335 509 1354 eam
544 1329 577 1356 ad
613 1329 805 1359 Ptemanenum
835 1333 952 1362 vicinam

168 1375 257 1402 arcem
274 1371 483 1400 munitissimam
497 1375 629 1403 tutissime
643 1377 698 1407 illic
726 1378 843 1406 futuram
860 1384 951 1408 trans-

166 1413 254 1446 ferre;
282 1416 328 1442 sed
356 1417 458 1444 circum
495 1420 595 1448 Aorata
622 1430 711 1449 moras
746 1425 873 1457 trahens,
900 1427 951 1454 sibi

170 1459 315 1491 perniciem
353 1463 486 1496 quaesivit.
524 1465 685 1501 Congregati
718 1470 816 1505 quippe
854 1472 950 1499 iterum

1017 227 1077 254 ἀλλ’
1095 229 1242 265 ἐνήδρευον
1257 230 1351 257 τοῦτον
1362 231 1519 264 διαπαντός.
1539 233 1595 258 Καὶ
1612 232 1807 266 μεμαθηκὸτες

1016 272 1057 299 ἔτι
1066 273 1147 300 αὑτὸν
1163 275 1203 305 εὶς
1216 275 1250 302 τὰ
1271 276 1390 311 ’Λόρατα
1405 277 1614 312 ἐνδιατρίϐοντα
1623 280 1674 304 καὶ
1687 279 1722 304 τὰ
1735 280 1806 313 παρα

1015 319 1066 354 τὴν
1080 319 1156 346 λείαν
1169 320 1280 347 ἃπασαν
1297 323 1345 348 καὶ
1364 322 1429 354 τοὺς
1442 323 1632 358 δορυαλώτους
1647 324 1793 358 διατιθὲμε

1015 373 1070 397 νον,
1089 368 1261 401 παραχρῆμα
1284 368 1334 398 τὰς
1347 368 1394 394 ὑπ’
1409 369 1509 400 αὐτοὺς
1522 370 1657 404 δυνάμεις
1672 370 1738 396 κατ’
1749 371 1803 401 ἴλας

1014 412 1258 446 καταστησάμενοι
1284 414 1350 448 περὶ
1375 414 1468 450 δείλην
1500 415 1572 450 ἑῴαν
1607 416 1802 442 εἰσπίπτουσιν

1013 455 1099 489 αὐτῷ.
1117 456 1152 482 Τὸ
1167 457 1216 489 μὲν
1234 457 1279 484 οὖν
1296 459 1387 485 πλεῖον
1402 460 1449 486 τοῦ
1469 461 1680 496 στρατεύματος
1692 461 1742 487 τοῦ
1755 463 1803 488 Κα-

1014 501 1103 536 μύτζη
1117 502 1252 538 τοσαύτην
1277 504 1383 539 πληθὺν
1401 505 1553 542 Βαρϐάρων
1578 507 1802 533 ἑπεισπεσοῦσαν

1012 546 1106 577 αὐτοῖς
1121 547 1278 581 ἑωρακότες
1294 550 1385 585 φυγὴν
1403 553 1453 584 τὴν
1468 551 1575 578 ἑαυτῶν
1602 552 1801 586 πραγματεύε-

1012 592 1074 619 σθαι
1090 593 1201 620 ἐδόκουν
1214 596 1356 630 σωτηρίαν
1368 604 1376 612 ·
1394 597 1476 628 αὺτδς
1489 598 1518 624 δὲ
1534 599 1605 632 μετὰ
1618 599 1676 624 τῶν
1690 599 1801 625 Σκυθῶν

1011 640 1128 666 καὶτῶν
1146 641 1256 667 Κελτῶν
1276 643 1323 669 καὶ
1341 643 1438 670 ὁπόσοι
1467 644 1520 671 τῶν
1543 644 1697 679 Ῥωμαίων
1721 646 1798 679 £571,3-

1010 685 1117 720 χότεροι
1129 683 1210 720 ἦσαν,
1228 687 1356 722 ἐκθύμως
1373 689 1492 722 ἐμάχετο
1507 689 1542 715 ⁷⁸.
1567 690 1624 715 Καὶ
1642 690 1800 723 cna-nuit:

1009 731 1032 757 οξ
1048 731 1151 758 τούτων
1169 733 1279 764 πλείους
1297 735 1456 761 πίπτουσιν.
1475 735 1504 761 '0
1521 735 1549 761 δέ
1573 744 1605 768 γε
1634 735 1798 770 Καμύτζης,

1010 777 1071 811 μετ’
1086 777 1185 812 ὀλίγων
1215 780 1424 814 καταλειφθεὶς,
1446 780 1487 806 ἔτι
1511 781 1654 816 ἀντείχετο
1679 781 1734 815 τῆς
1752 782 1798 816 μά-

1009 830 1070 857 χης.
1092 823 1212 859 Καιρίαν
1228 825 1256 851 δὲ
1280 825 1294 851 ὁ
1311 826 1394 857 ἵππος
1419 827 1448 852 ἐν
1466 823 1488 859 ᾧ
1511 827 1646 861 ἐπωχεῖτο
1671 827 1796 861 πληγεὶς,

1009 869 1080 896 κατὰ
1091 870 1140 904 γῆς
1153 871 1276 906 ἔρῤιπτο.
1294 873 1323 899 '0
1336 873 1364 900 δέ
1382 882 1413 908 γε
1426 874 1521 900 τούτου
1532 874 1696 906 ἀδελφιδοῦς
1711 876 1798 901 Κατα-

1011 914 1094 949 ρόδων
1109 916 1179 942 οὕτω
1199 917 1389 952 καλούμενος,
1409 919 1514 950 ἀποϐὰς
1541 920 1588 946 τοῦ
1603 921 1673 947 ἰδῖου
1704 921 1795 951 ἵππου,

1007 961 1104 988 τοῦτον
1119 963 1193 998 αὐτῷ
1203 963 1306 991 δίδωσι.
1321 965 1411 999 Βαρὺς
1421 966 1448 992 δὲ
1462 966 1500 992 ὢν
1511 968 1525 992 ὁ
1539 967 1609 1001 ἀνὴρ
1627 968 1678 993 καὶ
1696 968 1795 1002 μέγας,

1009 1008 1107 1044 ῥᾳδίως
1119 1009 1165 1036 τοῦ
1178 1010 1261 1036 ἵππου
1280 1011 1409 1046 ἐπιϐῆναι
1425 1013 1474 1039 οὐκ
1490 1010 1546 1047 εἶχε
1563 1022 1570 1028 -
1588 1012 1670 1039 ἔνθεν
1686 1022 1731 1040 τοι
1753 1014 1796 1039 καὶ

1009 1057 1107 1091 μικρὸν
1125 1056 1291 1087 ἅναποδίσας
1304 1057 1351 1084 ὲπί
1368 1066 1428 1083 τινα
1442 1057 1508 1093 δρῦν
1528 1057 1628 1084 ἑαυτὸν
1643 1059 1795 1094 προσερεῖ-

1009 1110 1057 1133 σας
1073 1102 1119 1128 καὶ
1132 1102 1178 1128 τὶν
1190 1102 1326 1138 ἀκινάκην
1341 1104 1526 1138 σπασάμενος,
1539 1105 1589 1134 τὰς
1601 1113 1632 1130 τε
1652 1105 1795 1136 σωζούσας

1006 1148 1189 1179 ἀπολωλεκὼς
1205 1148 1328 1180 ἐλπίδας,
1341 1149 1436 1176 ὁπόσοι
1451 1150 1544 1185 τούτῳ
1563 1150 1620 1176 τῶν
1637 1150 1795 1186 Βαρὸἆρων

1007 1195 1205 1229 συμπλακῆναι
1238 1195 1427 1230 κατετόλμων,
1448 1195 1521 1222 κατά
1552 1204 1583 1229 γε
1612 1196 1734 1230 κόρυθος
1750 1197 1795 1222 nl

1006 1240 1089 1274 ὤμων
1112 1241 1159 1267 καὶ
1176 1241 1265 1267 αὐτῶν
1285 1241 1316 1276 δὴ
1335 1242 1389 1268 τῶν
1405 1242 1506 1277 χειρῶν
1525 1242 1617 1269 παίων
1635 1244 1690 1269 οὐκ
1707 1244 1793 1269 ἐνεδί-

1004 1285 1060 1313 δου.
1082 1287 1145 1313 Ἐπὶ
1169 1287 1237 1314 πολὺ
1262 1287 1327 1321 γοῦν
1343 1287 1439 1315 τοῦτον
1460 1289 1594 1323 ἀνέχοντα
1628 1289 1754 1324 ὁρῶντες
1771 1290 1792 1315 οἱ

1005 1331 1144 1367 Βάρϐαροι
1165 1333 1213 1359 καὶ
1239 1333 1357 1364 πολλοὺς
1387 1333 1539 1366 κτείνοντα,
1557 1333 1677 1365 πολλοῦς
1701 1335 1730 1360 δὲ
1749 1336 1795 1360 καὶ

1003 1378 1203 1414 τιτρώσκοντα,
1217 1380 1424 1415 ὑπεραγάμενοι
1438 1381 1486 1415 τὴν
1499 1380 1547 1407 τοῦ
1556 1381 1654 1416 ἀνδρὸς
1675 1381 1793 1415 τόλμαν,

1004 1425 1050 1451 καὶ
1062 1425 1090 1451 τὸ
1103 1426 1245 1460 σταοηρὶιῖ
1255 1426 1336 1452 αὑτοῦ
1360 1427 1565 1461 Θαυμάσαντες,
1583 1428 1633 1462 τὴν
1648 1428 1791 1461 σωτηρίαν

1004 1471 1087 1496 αὑτοῦ
1104 1471 1148 1497 διὰ
1173 1471 1260 1497 ταῦτα
1291 1472 1559 1507 πραγματεύσασθαι
1583 1473 1790 1509 ἐϐουλήθησαν.

166 1511 303 1540 resumpta
323 1507 417 1536 fiducia
445 1509 555 1537 Barbari
577 1513 639 1539 lotis
661 1513 757 1541 animis
778 1516 897 1543 immincl

1059 1517 1081 1543 δὲ
1105 1517 1316 1553 ἁρχισατράπης
1331 1518 1498 1553 Μουχούμετ
1519 1519 1568 1554 τὴν
1591 1519 1706 1552 adﬁcta,
1729 1520 1790 1546 τοῦ-

166 1549 190 1575 in
215 1551 386 1579 occasionem
423 1553 569 1582 ulciscendi
601 1557 747 1593 Camytzae.
787 1561 853 1587 Cum
886 1571 950 1597 ergo

164 1597 356 1630 cognovissent
391 1601 491 1628 morari
524 1603 612 1630 adhuc
637 1612 697 1633 etnn
736 1606 809 1634 circa
848 1608 948 1636 Aurata

162 1648 321 1676 occupatum
350 1645 504 1679 dividendae,
528 1649 705 1678 reddendreve
738 1653 856 1685 pratdas.
884 1662 949 1689 cap-

163 1687 277 1715 tivorum
295 1698 401 1724 quoque
414 1693 599 1722 discernendis
619 1695 778 1725 differentiis
797 1706 828 1725 ac
846 1700 945 1732 causis.
961 1728 963 1731 ,

161 1735 274 1761 annalis
290 1737 432 1765 confestim
449 1743 476 1765 et
489 1747 535 1773 per
559 1745 662 1770 turmas
678 1743 782 1771 eductis
804 1745 945 1774 ordinibus

161 1780 219 1807 acie
238 1781 367 1810 instructa
395 1784 422 1810 in
449 1790 557 1813 nostros
582 1787 691 1814 irrnunl
707 1790 794 1823 primo
816 1791 945 1820 diluculo.

159 1824 274 1853 Maxima
290 1835 352 1862 pars
371 1830 486 1863 agminis
502 1831 636 1868 Camylzat
651 1835 683 1861 ad
700 1836 817 1870 primum
835 1846 944 1866 sensum

161 1876 243 1899 tantae
253 1873 403 1908 ingruentis
415 1876 596 1911 multitudinis
607 1879 753 1908 barbaricae
761 1889 835 1914 spent
849 1883 944 1911 salutis

159 1918 185 1943 iu
210 1925 318 1946 matura
345 1921 405 1956 fuga
436 1923 535 1956 posuit.
559 1923 616 1958 Ipse
631 1925 684 1952 dux
709 1934 768 1953 cum
788 1927 895 1962 Scythis
920 1934 947 1957 et

158 1963 250 1998 Gallis,
278 1965 461 2001 Ronmuisque
488 1968 519 1995 iis
531 1970 656 1996 omnibus
677 1979 745 2005 quos
765 1972 843 2006 paulo
858 1982 942 2009 gene-

998 1571 1044 1589 τον
1057 1563 1105 1590 vat
1122 1564 1207 1590 πάλαι
1222 1565 1376 1599 γινώσκων,
1391 1565 1440 1591 καὶ
1458 1565 1612 1599 τηνικαῦτα
1628 1567 1791 1601 ἀναγνωρί-

1000 1616 1061 1641 σας,
1078 1609 1230 1636 ἀνακόπτει
1250 1610 1299 1644 μὲν
1315 1610 1364 1646 τῆς
1381 1611 1472 1646 ὁρμῆς
1496 1612 1559 1642 τοὺς
1572 1611 1648 1646 αὐτῷ
1667 1612 1790 1645 συμπλε-

997 1656 1140 1690 κομένους,
1171 1656 1275 1688 ἀποϐὰς
1294 1657 1322 1683 δὲ
1353 1656 1400 1683 τοῦ
1436 1657 1520 1683 ἴππου
1545 1657 1605 1691 μεθ’
1636 1654 1677 1684 ὧν
1706 1658 1788 1694 ἔτυχε

997 1702 1167 1737 προσελθὼν,
1183 1701 1236 1738 ἔφη
1250 1711 1257 1718 ·
1279 1703 1325 1737 Μὴ
1354 1705 1497 1738 πρόκρινε
1525 1703 1581 1738 τῆς
1597 1704 1662 1738 σῆς
1688 1713 1789 1739 σωτη-

990 1750 1059 1783 ρίας
1078 1749 1132 1776 τὸν
1151 1748 1291 1780 θάνατον,
1319 1750 1400 1777 ἀλλά
1421 1750 1507 1777 δίδου
1534 1759 1586 1784 μοι
1615 1751 1706 1785 zat'pa
1736 1752 1787 1778 auri.

993 1794 1099 1827 σώζου,
1124 1796 1153 1822 '0
1167 1795 1195 1822 δὲ
1213 1796 1266 1822 ὑπὸ
1280 1796 1420 1823 τοσούτων
1433 1797 1702 1832 περιστοιχοὺμενον
1715 1798 1783 1824 ἑαυ-

994 1841 1040 1866 τὸν
1053 1840 1126 1876 ὁρῶν
1140 1841 1188 1867 καὶ
1204 1841 1242 1877 μὴ
1256 1842 1326 1877 πρὸς
1345 1842 1493 1873 τοσούτους
1514 1843 1642 1878 ἀντέχειν
1674 1843 1716 1870 ἔτι
1738 1844 1783 1870 διμ

995 1885 1123 1920 νόμενον,
1142 1886 1233 1913 δίδωσι
1261 1888 1355 1922 χεῖρας
1375 1887 1414 1922 τῷ
1444 1887 1593 1923 Μαχούμετ
1616 1888 1651 1915 ’⁸.
1676 1888 1735 1914 Καὶ
1747 1888 1777 1919 ὃς

994 1931 1114 1965 ἔφιππον
1124 1932 1219 1959 τοῦτον
1235 1933 1401 1966 ὲπιῦιὸάσας
1410 1934 1472 1965 τοὺς
1482 1934 1566 1961 αὑτοῦ
1578 1934 1666 1966 πόδας
1675 1935 1782 1969 δεσμεῖ,

997 1977 1035 2008 ὼς
1052 1977 1088 2012 μὴ
1107 1978 1205 2013 ῥᾳδίως
1221 1978 1375 2014 ἀποδρᾶναι
1393 1979 1534 2006 δύνασθαι.

158 2012 272 2039 rosiores
303 2014 426 2041 militaris
443 2015 521 2042 ollicii
546 2017 673 2050 cogitatio
706 2026 719 2046 a
757 2022 950 2050 consciscendo
982 2024 1051 2058 fugae
1090 2025 1193 2061 ﬂagitio
1225 2031 1366 2060 tenuerat,
1393 2027 1541 2055 fortissime
1570 2036 1711 2064 pugnans.
1739 2029 1781 2056 ubi

156 2059 211 2085 suis
226 2060 327 2086 circum
344 2062 478 2096 plerisque
489 2065 615 2093 omnibus
625 2067 735 2099 occisis,
749 2069 943 2102 deprehensum
965 2080 994 2099 se
1008 2080 1068 2099 cum
1083 2074 1176 2107 paucis
1205 2074 1233 2101 in
1261 2075 1347 2102 medio
1373 2076 1438 2103 vidit
1450 2097 1457 2109 ,
1500 2081 1588 2103 tamen
1628 2077 1783 2105 obtinnarit

155 2105 272 2133 animum
294 2106 320 2133 in
334 2108 447 2134 consilio
459 2111 619 2143 quzerendze,
632 2120 680 2146 spe
709 2113 832 2142 vincendi
857 2121 972 2148 extorta,
994 2118 1112 2146 honestae
1133 2127 1206 2148 certe
1222 2121 1247 2147 in
1275 2122 1357 2148 armis
1392 2123 1478 2155 necis,
1506 2124 1614 2158 quando
1637 2124 1732 2151 letbali
1759 2123 1780 2150 ei

155 2151 266 2180 vulnere
281 2160 424 2186 percussus
447 2164 499 2189 quo
516 2158 664 2186 vehebatur
679 2169 765 2196 equus
779 2182 785 2194 ,
804 2170 915 2197 repente
935 2165 1064 2192 concidit.
1079 2166 1165 2202 Prope
1191 2168 1284 2195 aderat
1313 2169 1442 2203 patruelis
1465 2170 1610 2206 Camytzaa‘
1626 2171 1780 2199 Catarodon

156 2199 274 2226 nomine.
306 2201 330 2227 Is
359 2203 467 2235 proprio
502 2205 594 2232 statim
632 2213 702 2240 eqtto
729 2208 856 2236 desiliens
897 2218 958 2237 eum
978 2211 1114 2248 Catnytzze
1147 2215 1239 2242 tradit.
1274 2214 1370 2243 Verutn
1398 2216 1478 2243 homo
1504 2223 1598 2245 vastus
1639 2223 1669 2245 et
1706 2218 1779 2253 gravi

155 2252 280 2279 corpore.
296 2255 356 2274 cum
368 2256 465 2282 equttttt
482 2250 560 2277 facile
571 2254 753 2281 conscendere
769 2263 821 2282 non
838 2262 938 2290 posset,
961 2251 1098 2293 paululum
1129 2261 1301 2289 retrocedcns
1328 2263 1360 2290 ad
1373 2263 1516 2297 quamdam
1550 2271 1684 2298 quercum
1729 2264 1778 2291 bu-

155 2292 236 2318 meris
259 2292 394 2326 applicitis
419 2295 527 2329 stringit
552 2297 690 2325 acinacem
717 2300 859 2335 saluteque
892 2292 1047 2338 desperata,
1080 2305 1214 2334 Barbaros
1226 2312 1360 2342 quotquot
1384 2309 1513 2336 aceedere
1544 2309 1670 2336 cominus
1697 2311 1779 2336 aude-

154 2343 224 2370 rent.
251 2338 278 2366 in
302 2341 407 2375 capite.
435 2343 461 2369 in
498 2345 604 2373 cervice
647 2347 674 2373 in
708 2349 833 2378 manibus
872 2353 954 2380 vastis
987 2353 1056 2380 haud
1095 2363 1212 2390 unquam
1236 2364 1346 2385 cessans
1374 2357 1473 2385 ictibus
1486 2358 1603 2391 petebat.
1634 2357 1776 2385 llunctam

153 2385 259 2412 fortiter
293 2394 349 2414 rem
382 2393 520 2422 gerentem
552 2395 579 2418 et
614 2393 705 2420 mttltis
732 2395 802 2423 circa
835 2397 932 2430 falsis,
955 2399 1044 2426 multis
1060 2400 1217 2434 vulneratis,
1234 2402 1260 2428 in
1286 2409 1354 2429 nova
1370 2403 1459 2430 adhuc
1489 2403 1606 2437 pericula
1642 2403 1776 2438 intrepide

152 2433 293 2461 durantem
318 2436 466 2470 conspicati
494 2437 575 2473 lengo
594 2439 649 2473 jam
685 2447 805 2477 tempore
827 2443 948 2477 Barbari,
982 2441 1161 2475 admiratione
1190 2456 1242 2476 non
1280 2449 1360 2476 dubia
1388 2455 1518 2484 concepta
1547 2454 1630 2477 tanta:
1667 2450 1773 2477 virtutis

152 2485 286 2515 tantaeque
313 2484 481 2516 constantim,
512 2492 621 2513 servare
650 2492 704 2515 tam
722 2487 818 2517 fortem
847 2491 932 2518 virum
951 2493 1062 2521 omnino
1088 2495 1275 2523 decreverunt.
1299 2495 1338 2524 Ex
1365 2495 1408 2522 his
1439 2496 1625 2530 arebisatrapa
1659 2495 1770 2523 Maelm-

150 2533 238 2554 metus
269 2528 333 2556 olim
361 2530 447 2564 ipsttm
478 2538 611 2564 noscens,
646 2535 867 2571 noscendumque
896 2538 933 2565 illi
955 2543 1018 2566 tunc
1041 2541 1182 2575 exhibens,
1219 2549 1326 2573 cessare
1349 2550 1382 2569 ac
1407 2543 1540 2570 facessere
1564 2543 1641 2575 jubet
1681 2550 1772 2569 omnes

150 2575 194 2607 qui
210 2579 302 2602 contra
318 2584 379 2602 eum
404 2577 567 2611 pugnabant.
592 2578 652 2612 Ipse
676 2585 766 2608 autent
780 2589 849 2616 equo
879 2584 1006 2613 desiliens
1039 2594 1098 2613 cum
1125 2587 1158 2614 iis
1186 2595 1254 2622 quos
1287 2589 1355 2615 forte
1379 2596 1470 2616 secum
1502 2589 1616 2620 habuit,
1663 2590 1769 2624 propius

149 2622 263 2654 accedit,
278 2623 416 2657 amiceque
430 2625 516 2651 virum
534 2625 574 2653 bis
592 2627 647 2654 fere
658 2628 748 2656 verbis
763 2630 928 2665 alloquitur:
969 2632 1009 2659 Ne
1039 2633 1120 2660 saluti
1145 2641 1271 2669 mortem,
1301 2643 1388 2670 quteso
1416 2640 1458 2668 te,
1489 2637 1633 2670 praeferas;
1671 2639 1716 2664 sed
1736 2639 1767 2664 da

149 2669 212 2694 mihi
228 2677 347 2702 manum,
367 2674 390 2696 et
409 2670 496 2697 saluus
511 2677 575 2698 esto.
612 2673 650 2700 Ad
685 2682 715 2700 ea
739 2675 881 2711 Camytzes
902 2685 932 2704 se
956 2685 970 2704 a
993 2683 1045 2705 tam
1063 2679 1156 2706 multis
1167 2687 1248 2706 unum
1264 2681 1476 2707 circumventum
1494 2682 1607 2712 videns.
1639 2690 1688 2709 nec
1712 2683 1765 2715 jam

147 2714 220 2740 vires
244 2715 364 2742 sentiens
389 2715 468 2751 441
499 2717 671 2752 impressioni
688 2721 769 2748 varia:
787 2726 826 2749 tot
850 2723 930 2749 simul
952 2725 1163 2758 oppugnantium
1188 2726 1352 2753 sustinendae
1380 2734 1475 2761 pares:
1519 2735 1626 2754 manu.n
1662 2729 1765 2756 Maritu-

149 2761 211 2786 Incli
228 2761 273 2787 dat
290 2769 298 2787 :
315 2763 360 2796 qui
375 2763 398 2789 ei
415 2764 440 2790 in
455 2771 553 2798 equunt
576 2766 701 2801 imposito
718 2770 812 2797 vinciri
842 2772 925 2805 pedes
946 2772 1030 2807 jussit
1044 2780 1076 2800 ne
1092 2779 1181 2807 posset
1197 2774 1277 2802 elabi.

683 2815 780 2847 Variae
797 2816 953 2854 lectiones
968 2829 1006 2850 ex
1023 2820 1092 2852 cod.
1110 2820 1243 2851 Coisltn.

191 2866 214 2882 ⁷⁸
229 2867 370 2901 ἐμάχοντο.

191 2942 221 2952 λ
