1853 3036
24 68 108 103 109⁵⁷

651 70 857 101 ALEXIADIS
872 70 945 100 LIB.
967 70 1045 101 XIV.

1593 68 1661 101 Π)ῠὸ

27 126 134 161 ἀρχῶν
163 125 394 161 ἐπισκεψάμενον.
416 125 447 152 El
470 127 516 152 καὶ
542 127 558 161 ὴ
584 127 719 162 μοναρχία
740 135 758 153 τι

927 127 993 160 ique
1011 127 1089 160 plane
1100 133 1132 153 ae
1147 125 1236 153 delirii
1257 126 1476 154 convincentium
1493 127 1658 161 scriptorum

26 173 79 203 εἰς
98 173 147 207 τὴν
168 172 343 207 Πλατωνικὴν
365 172 446 199 ἐναδα
459 172 476 207 ἢ
494 173 540 198 καὶ
569 171 598 198 τὸ
615 172 644 198 ἒν
665 172 730 204 τοὺς
755 173 822 199 ἁνα-

27 217 223 251 γινὼσκοντας
241 217 391 250 ἀναγκάζει
415 217 561 252 συνάγειν
592 218 672 252 ἡμεῖς
694 217 747 251 γὰρ
773 226 822 252 μο-

27 263 155 297 ναρχίαν
181 264 305 298 τιμῶμεν
317 272 323 279 '
341 263 402 298 οὐχὶ
422 263 454 289 ἓν
471 263 618 298 πρόσωπον
643 263 822 297 περιγράφει.

27 309 109 335 Οὐδὲ
125 309 154 335 τὺ
171 309 200 335 ἒν
225 309 256 335 τὸ
280 309 424 340 Πλάτωνος
446 308 469 324 9⁸
495 307 706 343 προσηκάμεθα.
727 307 824 333 Taurii

26 356 64 381 τὶ)
91 354 159 390 παρ’
185 355 315 389 Ἕλλησιν
340 355 480 391 ἄρρητον,
506 355 552 381 καὶ
581 354 645 388 περὶ
675 353 823 384 Χαλδαίους

29 401 197 436 ἀπόρῤητον
209 409 216 417 ·
234 401 371 436 ἐξαρτῶσι
391 401 445 436 γὰρ
457 400 540 427 αὑτοῦ
556 399 656 430 πολλὰς
673 399 721 425 καὶ
740 399 823 430 ἄλλας

879 172 964 200 alliuit
977 172 1055 207 copia
1068 179 1076 205 ;
1088 171 1187 207 quippe
1201 179 1262 199 cum
1280 179 1332 200 non
1346 180 1405 199 eam
1421 172 1509 200 solum
1523 173 1663 208 religionis

879 217 997 245 cultores
1011 222 1108 245 nostrae
1126 218 1176 244 viri
1196 217 1345 245 doctissimi
1364 217 1519 246 victricibus
1539 220 1664 254 disputa-

880 263 998 291 tionibus
1015 263 1224 298 proscripserint
1241 272 1247 290 :
1262 263 1311 290 sed
1327 263 1405 290 homo
1420 271 1527 298 quoque
1545 265 1619 292 rabie
1635 266 1663 292 in

881 316 930 335 nos
963 308 1106 336 instinctus
1135 308 1297 343 implacabili
1331 307 1518 344 Porphyrius,
1546 309 1605 345 ejus
1638 311 1664 338 in

880 353 1016 388 plerisque
1051 353 1185 388 capitibus
1224 353 1420 380 absurditatem
1459 354 1663 382 insanissimam

879 399 1044 434 eoarguerit,
1074 400 1137 426 dum
1165 400 1361 434 principiorum
1384 400 1540 428 dualitatem
1556 400 1664 428 invictis

29 446 129 481 ἀρχὰς
143 447 296 481 ὲγκοσμίως
310 455 340 473 τε
355 446 402 473 καὶ
417 445 620 480 ὑπερκοσμίως.

930 453 959 471 ne
974 446 1138 479 argumentis
1154 445 1293 473 confutat:
1313 446 1383 473 ultra
1398 454 1479 481 gyros
1492 447 1536 474 ille
1554 447 1661 482 quidem

31 491 63 516 in
91 491 142 518 hoc
161 492 218 525 ipso
235 495 358 523 evectus,
373 491 445 526 quod
460 491 495 517 ita
511 498 544 517 ex
581 489 725 517 Platonicm
759 489 860 517 schola:
880 490 986 524 placitis
1007 495 1109 518 naturae
1124 491 1222 518 divinae
1244 492 1373 519 unitatem
1394 492 1501 522 astruit.
1523 497 1551 519 ut
1569 499 1665 527 perso-

31 545 138 564 narum
158 537 284 565 Trinilati
300 538 400 565 nullum
418 537 551 572 relinquat
566 536 653 564 locum
671 544 678 564 :
697 545 758 563 cum
778 543 827 563 nos
847 537 1043 564 contendamus
1056 536 1116 564 istis
1131 536 1280 564 rationibus
1296 545 1362 565 sane
1373 538 1469 565 validis
1500 537 1568 566 efliei
1598 529 1665 565 nihil

34 583 119 610 aliud
159 591 240 618 quam
276 584 429 612 necessario
460 584 655 611 admittendam
697 584 802 610 unicam
821 586 944 609 naturam
977 583 1034 610 site
1058 584 1203 610 essentiam
1238 583 1409 618 principem;
1434 584 1545 611 minime
1575 589 1664 612 tamen

31 632 171 659 continuo
195 639 319 667 persona:
335 633 417 660 unius
435 632 513 668 quasi
550 632 652 659 ambitu
690 631 975 658 rirenmscrihetnlam.
1021 631 1074 658 Sed
1099 636 1126 658 et
1150 631 1201 658 alia
1238 632 1333 666 dogma
1358 632 1428 658 istud
1449 632 1482 658 de
1509 633 1664 659 monarchia

32 679 228 711 Platonicum,
275 679 383 706 arcanis
416 679 570 706 Graecorum
599 683 627 705 et
655 678 842 706 Chaldaeorum
862 677 960 704 litteris
990 685 1021 705 ac
1049 678 1185 712 mysteriis
1225 678 1364 710 traditum,
1393 686 1515 705 errorum
1540 679 1666 706 admistio

30 724 164 752 infamat.
184 725 302 753 Eatenus
321 725 445 753 videlicet
468 730 570 753 rectum
587 725 612 752 id
638 730 678 752 est
689 725 824 752 duntaxat
842 729 975 759 quatenus
1007 725 1140 752 unitatem
1167 725 1292 759 principii
1320 725 1439 759 supretni
1466 725 1543 752 fateri
1581 726 1664 761 cogit.

31 772 71 797 At
89 779 149 805 qua:
162 771 260 799 deinde
274 779 304 799 ex
321 772 407 806 primo
420 772 496 806 quasi
519 779 645 806 expansa
683 772 866 806 producuntur
889 770 1016 797 fahulosm
1030 771 1115 798 series
1129 770 1242 797 aliorum
1257 778 1290 797 ex
1312 771 1372 798 aliis
1388 776 1523 806 aptorum.
1538 779 1570 798 τι
1584 779 1666 807 seque

30 817 156 844 invicem
174 818 347 851 pendentium
369 818 582 852 principiorum,
601 818 671 844 intra
693 817 821 844 mundum
842 821 869 843 et
883 824 965 850 supra
989 815 1116 843 nutmlum
1139 815 1259 843 infinitos
1278 820 1371 842 mutuo
1403 816 1535 852 implexos
1570 824 1666 846 causa—

31 873 99 892 rum
132 865 240 892 ordittes
266 864 478 895 contexentium,
511 863 577 889 nihil
604 863 675 890 aliud
700 862 822 898 profecto
841 869 1013 896 quamuugze
1025 867 1098 890 sunt.

80 910 164 938 Ἀλλὰ
180 910 289 941 τούτους
301 909 332 943 δὴ
346 909 409 940 τοὺς
428 909 481 935 ἀπὸ
495 909 644 941 Μάνεντος,
657 909 704 936 καὶ
722 909 810 935 Ιῐαύλο

935 908 1015 935 'ernm
1038 908 1071 935 ad
1097 907 1268 934 Paulicianos
1294 907 1453 934 veniendum
1482 913 1536 936 est.
1552 908 1584 936 lli
1602 916 1666 945 ergo

31 957 87 983 καὶ
121 955 258 986 Ἰωάννου,
283 954 338 980 τῶν
370 954 421 989 τῆς
446 953 611 989 Καλλινὶκης
641 953 828 988 ἀγριωτέρως

31 1002 120 1031 δντας
141 1001 190 1031 τὰς
215 998 327 1034 γνώμας
347 999 394 1024 καὶ
410 998 502 1033 ὠμοὺς
524 998 570 1025 καὶ
599 999 696 1034 μέχρις
711 999 829 1033 αἵματος

31 1045 300 1076 διακινδυνεύοντες,
313 1045 326 1070 ὁ
344 1046 371 1070 ἐν
385 1043 542 1079 βασιλεῦσιν
558 1045 662 1075 ἐκεῖνος
676 1044 829 1078 lia-opino;

38 1091 174 1127 Ἰωάννης
192 1092 206 1117 ὀ
221 1090 381 1126 Τςυμισκῆς
397 1090 453 1125 (60)
469 1089 581 1125 πολέμῳ
606 1089 722 1125 νικήσας
743 1087 825 1121 ἐξαν-

33 1137 275 1174 δραποδισάμενος
302 1137 334 1162 ὲκ
359 1137 408 1170 τῆς
436 1136 540 1168 Ἄσίας,
561 1135 667 1162 ἐκεῖθεν
695 1134 749 1161 ἀπὸ
772 1134 828 1160 τῶν

35 1185 176 1212 Χαλύϐων
205 1185 252 1212 καὶ
277 1185 330 1211 τῶν
364 1183 553 1218 ’Λρμενιακῶν
582 1182 683 1214 τόπων,
714 1183 755 1212 εἰς
778 1180 828 1216 τὴν

35 1232 154 1267 Θρᾴκην
170 1232 391 1266 μετήνεγκε,καὶ
408 1232 442 1256 τὰ
458 1230 523 1264 περὶ
538 1229 586 1264 τὴν
606 1227 825 1254 Φιλιπποὺπολιν

35 1277 200 1310 αὐλίζεσθαι
217 1277 442 1311 κατηνάγκασεν·
461 1274 519 1309 ἅμα
545 1273 593 1308 μὲν
618 1273 673 1299 τῶν
690 1274 828 1308 ὲκρυμνο-

34 1324 132 1351 τάτων
146 1323 169 1339 ’⁸
184 1322 274 1348 πυλῶν
304 1322 351 1348 καὶ
380 1320 519 1356 φρουρίων
533 1319 550 1346 ἃ
572 1321 698 1354 κατεῖχον
726 1328 828 1354 τυρανο

34 1370 153 1400 νιῶντες
169 1369 335 1403 ἀπαγαγεῖν,
352 1368 411 1403 ἃμα
429 1367 457 1394 δὲ
473 1368 520 1393 καὶ
533 1366 657 1400 φύλακας
674 1366 827 1400 ἐπιστήσας

35 1415 264 1450 ἀσφαλεστάτους
281 1414 333 1440 τῶν
350 1413 492 1440 Σκυθικῶν
511 1413 622 1439 ἐκείνων
645 1411 826 1446 διεκδρομῶν,

36 1463 72 1495 ἃς
98 1461 256 1497 ὑποσύχνως
281 1461 334 1487 ὑπὸ
358 1460 510 1495 Βαρϐάρων
538 1460 604 1486 τάπὶ
626 1460 737 1495 Θρᾴκης
764 1460 828 1485 ἐπε-

35 1508 136 1535 πόνθει
165 1507 268 1543 χωρία·
291 1506 505 1542 ὑπερὸαίνοντες
519 1506 573 1540 γὰρ
596 1505 631 1532 τὰ
656 1505 748 1539 τέμπη
779 1503 827 1530 τοῦ

33 1554 128 1588 Δῖμου
147 1552 195 1584 τὰς
219 1551 271 1578 ὑπὸ
284 1550 388 1578 τούτων
404 1551 427 1566 ⁸⁵
446 1550 575 1581 πεδιάδας
596 1550 771 1584 κατέτρεχον.
795 1549 826 1575 ’0

34 1603 57 1629 δ’
74 1585 164 1636 λῖμος
184 1596 260 1631 οὗτος
276 1599 338 1634 ὅρος
359 1598 418 1624 ἐστὶ
443 1598 615 1632 μακρότατον
640 1596 712 1623 κατὰ
738 1604 828 1630 γραμι
842 1585 864 1617 C

38 1649 98 1684 μὴν
130 1646 302 1681 παράλληλον
314 1646 346 1680 τῇ
380 1643 495 1678 Ῥοδόπῃ
526 1642 661 1676 κείμενον.
699 1641 829 1676 ’Δρχεται

39 1697 95 1730 μὲν
118 1694 172 1721 ἀπὸ
192 1692 238 1721 τοῦ
256 1692 380 1725 Εὐξείνου
398 1692 500 1718 Πόντου
519 1690 550 1716 τὸ
575 1689 636 1724 ὄρος
665 1689 712 1715 καὶ
733 1688 830 1723 μικρὸν

37 1740 223 1777 παραμείὸων
238 1740 300 1769 τοὺς
313 1738 501 1773 καταράκτας,
519 1736 616 1772 μέχρις
636 1735 726 1762 αὐτῶν
749 1734 831 1760 Ἰλλυ-

38 1787 130 1822 ρικῶν
146 1786 243 1821 διήκει.
266 1783 351 1819 Οἶμαι
371 1783 394 1809 δ’
411 1783 453 1809 ὄτι
478 1782 526 1808 καὶ
547 1779 764 1813 διακοπτόμενον
791 1778 830 1813 τῷ

45 1831 227 1867 Ἀδριαντικῷ
243 1830 369 1864 πελάγει,
385 1828 467 1855 πάλιν
482 1828 522 1858 εἰς
544 1824 694 1859 ἀντιπέραν
713 1824 829 1859 ἧπειρον

39 1876 244 1911 ἀναλαμϐάνει,
258 1876 305 1902 καὶ
321 1875 417 1910 μέχρις
435 1873 525 1900 αὐτῶν
545 1872 694 1907 Ἑρκυνίων
717 1869 829 1905 δρυμῶν

39 1923 223 1956 ἀποτελευτᾷ,
238 1920 409 1955 ἑκατέρωθεν
427 1919 456 1945 δὲ
477 1918 532 1945 τῶν
546 1917 710 1953 καταρῥύων
732 1915 757 1942 τ’
779 1915 830 1941 αὺ-

38 1970 88 1996 τοῦ
107 1968 193 1995 πολλᾶ
218 1968 265 1994 καὶ
293 1966 482 1994 πλουσιώτατα
503 1963 567 1999 ἔθνη
588 1963 709 1998 νέμεται.
736 1961 831 1988 Δακῶν

41 2015 94 2049 μὲν
109 2013 194 2040 ὄντων
212 2010 401 2047 βορειοτέρων,
419 2010 466 2036 καὶ
489 2009 543 2035 τῶν
557 2007 685 2044 Θρᾳκῶν,
703 2006 828 2033 νοτιωτέ-

41 2069 99 2094 ρων
128 2059 156 2085 δὲ
175 2057 291 2093 Θρᾳκῶν
308 2065 338 2082 τε
364 2055 454 2082 αὐτῶν
470 2056 516 2081 καὶ
539 2053 714 2081 Μακεδόνων.
731 2052 832 2078 Τοῦτον

39 2105 87 2131 τὸν
100 2101 187 2139 Αἶμον
199 2102 381 2137 διαπερῶντες
391 2101 415 2127 οἱ
428 2099 552 2134 Νομάδες
566 2097 669 2124 Σκύθαι
684 2097 756 2124 κατᾶ
768 2097 832 2128 τοὺς

39 2151 177 2178 ἀνέκαθεν
190 2150 301 2184 χρῦνους
328 2147 411 2182 πρινὴ
435 2145 483 2172 τοῦ
506 2145 625 2177 ’Λλεξίου
646 2144 675 2170 τὸ
696 2144 760 2179 δόρυ
785 2144 831 2169 καὶ

40 2200 64 2225 el
99 2196 194 2223 πολλοὶ
219 2195 326 2229 ἀγῶνες
354 2194 395 2224 εἰς
426 2191 614 2227 πανωλεθρίαν
645 2191 831 2225 κατήνεγκαν,

42 2243 218 2278 πανστρατιᾷ
231 2241 280 2276 τὴν
304 2239 451 2275 Ῥωμαίων
468 2238 618 2273 ἡγεμονίαν
640 2237 768 2267 ἐκάκουν,
784 2236 832 2263 καὶ

42 2291 164 2325 μάλιστα
184 2288 234 2319 τὰς
254 2287 421 2321 ἑγγυτὲρους
445 2284 549 2317 πόλεις,
570 2281 606 2311 ὧν
623 2282 797 2319 προὺκὰῦητο
815 2282 831 2317 ἡ

42 2337 132 2363 πάλαι
160 2333 380 2369 πο).υθρύλ’λητο;
405 2330 629 2361 Φιλιππούπολις.
653 2329 681 2356 '0
707 2329 736 2355 δὲ
765 2328 830 2360 TC:-

43 2382 149 2417 μισκῆς
170 2380 297 2413 Ἰωάννης
323 2378 387 2409 τοὺς
409 2378 442 2403 ὲκ
461 2376 483 2392 ’⁷
502 2375 675 2410 Μανιχαῖκῆς
699 2373 831 2409 αἱρέσεως

42 2427 212 2462 ἀντιμάχους
238 2427 303 2461 ἡμῖν
321 2425 506 2460 ποιησάμενος
523 2422 695 2457 συμμάχους,
711 2420 784 2447 κατά
800 2428 831 2453 γε

41 2475 78 2500 τὰ
94 2472 178 2504 ὅπλα,
203 2471 367 2506 ἀξιομάχους
385 2469 514 2504 δυνάμεις
532 2468 586 2498 τοῖς
613 2467 709 2502 νομάσι
726 2466 831 2496 τούτοις

883 957 1031 981 sectatores
1048 952 1172 984 Manelis,
1187 953 1233 979 sed
1246 960 1261 979 a
1273 951 1355 979 Paulo
1366 957 1392 979 et
1407 951 1509 980 Joanne
1525 954 1667 983 Calliniccs

884 998 946 1026 ﬁliis
965 998 1001 1032 (η)
1019 997 1052 1024 ad
1071 998 1234 1033 peculiarem
1251 998 1394 1032 quemdam
1416 1002 1555 1034 magisque
1571 1006 1669 1028 contu-

883 1050 986 1069 tuacetn
999 1042 1115 1070 instituti
1135 1043 1277 1070 furorem:
1305 1041 1428 1070 homines
1451 1045 1549 1079 alioqui
1574 1045 1623 1072 feri
1640 1053 1668 1074 et

883 1089 1049 1124 sanguinarii
1074 1089 1120 1124 qui
1147 1098 1226 1118 suum
1251 1091 1400 1118 aliorumve
1415 1098 1539 1118 cruorem
1554 1091 1668 1119 futnlere

882 1136 950 1162 nihil
969 1136 1043 1169 pensi
1066 1136 1210 1164 admodum
1229 1136 1360 1164 haberent
1377 1145 1384 1163 :
1413 1145 1461 1164 nec
1483 1137 1535 1164 isto
1552 1142 1598 1164 aut
1612 1138 1667 1166 alio

882 1182 978 1216 quovis
987 1187 1057 1209 metu
1067 1183 1102 1210 ab
1111 1182 1163 1210 ullo
1179 1183 1298 1211 audacia:
1309 1191 1407 1219 genere
1418 1189 1618 1216 revocarentur,
1634 1192 1667 1211 οι

882 1229 1091 1264 periculosiores
1104 1237 1156 1263 quo
1169 1229 1288 1262 pericula
1300 1231 1464 1264 spernebant
1473 1231 1581 1256 omnia:
1598 1230 1667 1258 bello

884 1279 973 1301 tamen
990 1275 1083 1301 domiti
1101 1282 1132 1302 ac
1157 1275 1236 1309 plane
1258 1275 1394 1310 sulijugati
1419 1282 1479 1302 eum
1506 1274 1621 1304 fuissent
1634 1277 1669 1303 ab

883 1321 928 1348 illo
943 1321 1042 1356 inclyte
1066 1321 1172 1349 Joanne
1195 1322 1339 1354 Tzimisca,
1365 1329 1398 1348 ex
1424 1321 1487 1348 Asia
1509 1322 1607 1355 captivi
1632 1323 1668 1350 ab

882 1368 977 1395 eodem
990 1367 1062 1395 ducti
1080 1373 1153 1399 sunt,
1175 1373 1201 1395 et
1221 1367 1319 1395 abillis
1342 1368 1491 1404 Chalybum
1508 1378 1576 1401 quas
1594 1370 1669 1402 prius

881 1414 1040 1441 obtinebant
1068 1414 1189 1446 si‘dibus,
1208 1414 1327 1449 locisque
1342 1415 1513 1442 Armettiacis
1532 1416 1557 1442 in
1583 1416 1668 1442 Thra-

882 1458 951 1486 ciam
978 1458 1128 1490 transtulit,
1152 1466 1184 1486 ac
1206 1460 1276 1487 circa
1305 1459 1510 1494 Philippopolim
1534 1461 1668 1489 domicilia

883 1505 965 1540 figere
980 1504 1080 1540 coogit,
1104 1506 1208 1532 tluuhus
1236 1506 1269 1533 de
1293 1506 1392 1534 causis.
1419 1506 1540 1534 Primum
1567 1513 1670 1541 utqna:

883 1550 957 1584 pritts
986 1550 1141 1577 insidebant
1165 1551 1283 1578 claustra
1310 1551 1437 1585 imperii,
1470 1560 1545 1580 arces
1573 1558 1670 1580 natura

882 1596 1080 1623 munitissimas
1108 1601 1135 1622 et
1160 1603 1262 1628 manu;
1295 1603 1328 1623 ne
1355 1596 1509 1625 obtinerent
1539 1598 1666 1632 amplius,

881 1649 1009 1669 earumve
1037 1641 1133 1668 fiducia
1154 1642 1186 1669 ad
1206 1641 1367 1670 rebelliones
1383 1644 1541 1677 cogitandas
1565 1645 1669 1671 anima-

882 1692 985 1714 rentur.
1003 1686 1105 1714 Deinde
1124 1693 1253 1721 utgenus
1270 1687 1407 1715 hominum
1440 1689 1557 1717 ferremn
1583 1691 1668 1719 cuivis

882 1731 967 1759 labori
988 1741 1020 1759 ac
1036 1732 1156 1767 periculo
1183 1740 1232 1767 par
1255 1733 1384 1761 adversus
1408 1734 1479 1762 feros
1501 1736 1617 1763 maxime
1636 1744 1669 1763 ac

881 1777 1055 1805 vehementes
1088 1777 1250 1809 Scytharum
1278 1779 1391 1806 subinde
1419 1779 1564 1808 Thraciam
1597 1781 1669 1809 infe.

882 1823 1011 1850 stantium
1033 1824 1159 1851 incursus
1183 1826 1359 1860 objiceretur.
1385 1826 1532 1854 securitate
1562 1827 1668 1862 imperii

883 1876 936 1895 non
950 1869 1057 1904 exigua,
1069 1870 1142 1904 quod
1158 1870 1213 1904 jam
1225 1871 1303 1898 litnes
1319 1871 1365 1898 ille
1379 1872 1570 1899 vexatissimus
1589 1880 1668 1907 pares

883 1915 1089 1949 aggressorihus
1101 1915 1260 1943 defensores
1276 1921 1381 1949 nactus,
1397 1917 1524 1952 deinceps
1539 1918 1670 1946 adversus

883 1966 964 1986 omne
982 1959 1131 1993 periculum
1148 1961 1254 1988 abunde
1268 1961 1393 1988 lirtnatus
1416 1962 1566 1990 videretur.
1590 1962 1670 1991 Mise-

883 2011 942 2030 rum
964 2011 1030 2031 sane
1055 2009 1134 2032 antea
1162 2005 1188 2031 in
1210 2006 1317 2032 modum
1337 2006 1364 2032 iu
1381 2007 1517 2040 perpetuis
1531 2013 1606 2035 metu
1623 2012 1669 2035 aut

884 2049 954 2076 tualo
981 2049 1103 2076 Thraciae
1135 2050 1214 2077 utbes
1239 2058 1270 2078 ac
1292 2051 1381 2086 populi
1412 2051 1562 2080 ronflictat-i
1591 2060 1670 2081 erant

883 2095 953 2122 soliti
968 2104 976 2129 ;
994 2104 1054 2122 cum
1076 2095 1188 2122 Barbari
1203 2101 1332 2131 angustas
1348 2096 1431 2123 llzemi
1448 2097 1531 2124 valles
1553 2099 1669 2126 subinde

884 2140 1112 2175 transgredientes
1121 2141 1148 2167 itt
1159 2140 1308 2168 uberrimas
1319 2141 1375 2175 ejus
1388 2142 1530 2175 provincia:
1545 2142 1668 2177 planities

884 2187 986 2220 ingenti
1010 2194 1121 2214 noun-ro
1142 2186 1230 2220 eli‘usi,
1256 2187 1441 2215 crudelissime
1461 2189 1552 2215 omnia
1576 2194 1667 2216 vasta—

886 2236 954 2260 rent.
983 2232 1029 2258 Est
1055 2232 1098 2259 hic
1122 2232 1230 2260 llzetnus
1254 2241 1332 2260 tnons
1360 2233 1533 2268 longissimus
1562 2235 1606 2262 cui
1634 2238 1668 2263 ad

883 2277 1037 2312 parallelam
1059 2277 1158 2304 lineam
1176 2278 1281 2313 objacet
1295 2277 1436 2314 Rhodope.
1450 2279 1544 2314 Incipit
1558 2282 1591 2307 ab
1612 2281 1668 2308 En-

882 2324 946 2351 xino
960 2323 1056 2351 Ponto.
1072 2323 1141 2351 Ilinc
1158 2324 1202 2351 ubi
1226 2330 1376 2352 cataractas
1393 2327 1514 2360 proxime
1539 2327 1669 2360 praeteriit

882 2371 950 2399 llch
978 2376 1053 2398 vasto
1084 2379 1168 2405 usque
1190 2371 1216 2398 in
1250 2371 1336 2406 ipsum
1366 2371 1500 2406 lllyricum
1537 2373 1667 2401 excurrit.

883 2417 953 2449 Quin
965 2416 1045 2444 etiam
1062 2416 1144 2451 452
1172 2416 1288 2449 videtur,
1313 2416 1385 2444 velut
1400 2417 1586 2451 interpellatus
1601 2425 1668 2450 pau-

884 2462 967 2488 lulutn
985 2463 1094 2489 incursu
1110 2463 1194 2489 maris
1215 2461 1357 2495 Adriatici,
1371 2467 1418 2490 aut
1433 2463 1521 2497 potius
1544 2463 1595 2490 sub
1611 2462 1668 2497 ejus

564 2524 664 2555 Varia)
681 2523 835 2554 lectiones
850 2529 889 2551 ex
902 2519 971 2550 cod.
987 2518 1121 2549 Coislin.

86 2582 112 2598 "
125 2581 156 2607 τὸ
167 2580 214 2607 τοῦ
231 2580 384 2610 Πλάτωνος.
425 2579 448 2594 ⁸⁵
466 2575 666 2612 ὲρρηνοτάτων.

705 2575 728 2590 ’θ
741 2574 846 2601 τοῦτον.
883 2571 906 2586 ⁸⁷
918 2572 950 2596 ὲκ
962 2571 1020 2605 τῆς.

559 2635 629 2665 Car.
646 2631 807 2665 Dufresnii
822 2632 871 2662 Du
890 2629 1000 2668 Cangii
1019 2633 1111 2661 notae.

82 2690 139 2726 (60)
160 2689 192 2716 '0
209 2688 385 2724 Τζυμισκῆς.
404 2688 525 2714 Zonaras
549 2693 575 2714 et
597 2685 694 2720 Glycas
716 2685 741 2712 in
765 2683 869 2711 Alexio.

78 2770 116 2804 (a)
127 2770 190 2796 Vide
201 2769 340 2796 Cedrenum
355 2775 409 2799 pag.
423 2767 467 2791 452
478 2767 518 2792 ed.
530 2767 582 2797 Reg

229 2815 362 2844 PA‘rllO'..
380 2813 436 2842 Gn.
456 2811 553 2840 CXXX
562 2812 582 2840 l.

1470 2800 1508 2830 35
