1853 3036
20 148 92 180 1105

615 152 820 183 ALEXIADIS
840 153 915 183 LIB.
934 153 1013 184 XIV.

1576 149 1646 182 1106

19 205 126 248 δεινοὺς
140 204 168 231 δὲ
187 204 314 240 ἐνστῆναι
329 207 361 242 τῇ
379 206 485 235 ἑαυτῶν
503 207 663 244 κακοδοξίᾳ,
676 209 725 236 καὶ
739 218 750 235 τ

912 217 954 237 sus
969 209 1088 237 animum
1104 201 1146 237 ad’
1165 208 1329 236 Manichaeos
1355 208 1470 243 repetita
1499 213 1643 237 concerta-

19 251 52 277 τὸ
82 251 228 285 πεισθῆναι
259 251 350 286 λόγοις
373 253 584 289 ἀδαμαντίνους,
613 256 753 290 σπαράξαι
780 255 809 282 δὲ

21 296 96 322 θεῖον
121 296 223 329 λόγιον,
251 297 299 323 καὶ
330 299 507 333 κακοσχόλως
520 299 594 335 αὑτῷ
619 299 745 327 ἐκλαϐεῖν
771 301 811 332 εἰς

20 341 180 377 ὑπερϐολὴν
205 343 387 378 εὐμηχάνους.
418 345 535 376 Τούτους
563 346 810 382 μεταπεμπόμενος

19 388 84 415 καθ’
103 388 210 424 ἡμέραν
223 390 342 425 ἑκάστην
359 391 427 425 πρὸς
437 392 537 424 αὐτοὺς
549 393 595 420 τὸν
621 393 731 426 λογικὴν
747 402 811 420 συν-

19 435 136 470 εκράτει
148 437 158 452 ³
178 436 304 470 πόλεμον,
323 437 371 463 καὶ
386 435 420 473 ἦν
438 439 502 465 [δεῖν
522 439 613 473 ἀγῶνα
628 439 748 467 διπλοῦν·
763 440 809 467 τοῦ

22 480 76 515 μὲν
94 480 226 515 βασιλέως
240 482 316 515 ὅπως
332 483 457 517 σωθεῖεν,
475 485 522 511 καὶ
541 485 646 522 σφόδρα
664 486 811 520 ὑπεραγω-

19 525 176 560 νιςόμενον.
192 527 247 553 τῶν
262 527 285 554 δ’
307 529 384 561 ὅπως
412 531 554 565 νικήσειαν
570 531 722 567 λεγομένην
754 532 811 558 Ka-

19 571 122 605 δμείαν
137 573 420 607 διαφιλονεικούντων.
447 576 557 603 Ἐστᾶσι
581 578 630 612 μὲν
653 578 707 613 γὰρ
726 578 773 604 καὶ
787 577 813 603 οἱ

19 618 101 652 τρεῖς
123 618 255 654 θήξαντες
280 619 414 656 ἀλλήλους
439 622 566 658 καθάπερ
593 622 664 649 συῶν
693 623 811 656 ὀδόντες,

19 662 70 689 καὶ
90 664 154 695 τοὺς
176 663 272 698 λόγους
289 666 336 692 τοῦ
368 667 573 704 αὐτοκράτορος
600 670 630 696 ὲν
649 669 688 705 νῷ
704 669 813 705 ἔχοντες

19 708 190 744 διατέμνειν.
208 711 262 737 Καὶ
285 711 367 744 εἴτις
382 713 429 740 τὸν
452 714 585 741 Κοῦσινον
607 715 755 750 ὲξὲφευγεν
769 716 814 743 ἐν·

20 764 130 788 στασις,
150 757 252 793 ταύτης
268 759 282 784 ό
298 759 424 786 Κουλὲων
435 760 664 796 ἀντελαμὸάνετο,
678 764 725 789 καὶ
742 763 812 798 ἀμη-

19 802 171 836 χανοῦντος
199 804 376 837 Κουλέοντος,
400 807 414 833 ὁ
437 807 527 839 Φῶλος
563 807 641 840 αὖοις
686 809 814 841 ἀντεξαν-

20 848 128 881 ίστατο,
154 849 170 884 ἢ
196 849 242 876 καὶ
264 851 332 887 πρὸς
361 852 411 883 τὰς
437 852 582 886 βασιλικὰς
598 854 745 889 προτάσεις
767 855 814 881 καὶ

20 894 177 929 ὑποφορὰς,
194 896 267 931 άλλῳ
288 897 336 924 σὺν
351 898 395 924 ἐπ’
410 898 483 934 ἄλλῳ
497 900 507 915 ⁸
525 900 663 935 ἠγείρετο,
684 900 812 935 καθάπερ

22 940 145 974 μέγιστα
177 942 288 977 κύματα
323 943 369 970 ἐπὶ
403 944 532 980 μεγάλοις
566 946 812 981 καταλαμϐάνοντα

21 986 159 1021 κύμασιν.
188 988 218 1015 '0
248 989 278 1015 δὲ
307 990 488 1027 αὐτοκράτωρ
507 991 557 1023 τὰς
586 992 679 1023 πάσας
708 993 812 1019 τούτων

20 1031 145 1060 διαλύων
171 1034 209 1066 ὠς
234 1035 308 1062 ῐστδν
330 1037 455 1072 ἀράχνης
481 1038 631 1071 ἐνστάσεις,
654 1038 812 1074 ἐπέρραπτε

21 1079 75 1113 μὲν
93 1079 175 1111 εὐθὺς
191 1081 245 1107 τῶν
257 1081 421 1116 ἀκαθάρτων
444 1084 479 1111 τὰ
502 1084 636 1119 στόματα.
656 1085 700 1116 Ὧς
714 1084 742 1112 δὲ
762 1085 812 1111 πέ-

21 1132 124 1151 πεικεν
138 1125 274 1160 οὐδαμῶς,
302 1127 378 1159 τέλος
404 1128 566 1164 ἀπειρηκὼς
588 1129 658 1164 πρὸς
681 1129 732 1164 τὴν
758 1128 814 1156 τῶν

23 1170 136 1206 ἀνδρῶν
161 1171 264 1199 τούτων
287 1174 446 1210 ἠλιθιότητα
471 1176 631 1210 προπέμπει
645 1175 758 1206 τούτους
775 1175 815 1206 εἰς

22 1216 75 1251 τὴν
92 1217 219 1251 βασιλίδα
232 1219 320 1253 πόλιν,
335 1220 428 1247 ἑστίαν
443 1222 712 1256 ἀποκληρωσάμενος
723 1221 815 1252 αὐτοῖς

20 1263 72 1294 τὰς
93 1264 158 1299 περὶ
170 1264 201 1291 τὸ
218 1265 290 1300 μέγα
302 1266 436 1293 παλάτιον
447 1267 631 1304 περιδρόμους
644 1268 726 1299 στοᾶς
742 1267 809 1301 (65).

864 258 936 285 tione
950 256 984 284 ab
997 263 1090 285 errore
1107 256 1290 284 deducendos.
1303 254 1393 282 Facile
1409 255 1547 290 principes
1562 259 1645 284 secus

864 304 945 331 totius
959 307 1038 331 erant
1052 302 1164 333 Culeon.
1177 301 1305 334 Gusinus,
1320 305 1347 329 et
1361 300 1472 333 Pholus,
1489 308 1542 328 non
1559 301 1647 328 solum

863 349 1078 384 pertinacissima
1101 348 1208 384 ingenia
1224 351 1362 382 conceptae
1381 347 1458 374 istius
1482 347 1625 383 pravitatis
1639 366 1647 379 .

864 404 957 425 verum
974 397 1056 425 etiam
1088 395 1253 423 auctoritate
1282 399 1364 429 atque
1386 393 1491 421 artibus
1518 394 1648 421 instructa

862 444 987 471 omnibus
998 443 1058 477 ejus
1072 441 1267 477 persuadendae
1283 441 1529 476 propagandaeque.
1556 439 1648 473 Itaque

863 491 890 517 in
909 490 942 517 iis
956 489 1124 525 praecipuum
1144 491 1323 520 momentum,
1355 486 1382 513 in
1410 486 1453 514 his
1477 485 1548 512 haud
1569 483 1651 512 dubie

863 537 896 564 ad
912 542 1069 564 successum
1084 534 1184 570 negotii
1201 534 1284 561 totius
1305 532 1362 568 spei
1378 532 1461 560 cardo
1476 530 1647 559 vertebatur.

864 583 899 610 At
914 582 995 610 iidem
1011 581 1062 608 viri
1079 588 1134 616 pra:
1150 580 1271 611 eteteris.
1289 583 1319 607 ut
1333 578 1464 612 diximus,
1492 577 1565 604 aﬂixi
1581 583 1652 611 pra:-

862 627 990 663 jndicatis
1018 626 1201 662 Opinionibus,
1217 624 1292 653 surdi
1308 624 1340 652 ad
1358 623 1471 657 monita,
1487 623 1519 650 ad
1537 629 1653 657 persua-

864 673 954 701 siones
969 671 1147 704 adamantini,
1170 670 1235 706 quin
1260 671 1341 698 etiam
1358 669 1385 697 in
1401 669 1473 697 ultro
1495 667 1652 696 laeessenda

865 718 1063 753 lacerandaque
1079 717 1202 746 doctrina
1224 724 1302 750 sana,
1324 715 1431 744 cavillis
1463 713 1606 742 malitiosis
1625 717 1654 741 ct

865 763 964 792 astulis
999 763 1157 799 argutisque
1188 762 1364 797 sophismatis
1404 760 1652 789 calumniosissinto

866 810 988 842 verbosi,
1004 810 1108 845 sperari
1129 809 1175 837 vix
1188 808 1315 837 sinebant
1331 810 1401 843 quod
1418 806 1566 842 optandum
1582 809 1652 834 erat.

865 858 1015 892 Aggressus
1036 856 1212 884 nihilominus
1237 855 1363 883 homines
1387 854 1524 890 Augustus
1549 857 1602 885 est,
1626 855 1654 880 et

865 910 926 931 cum
950 903 984 930 iis
1006 901 1128 936 quotidie
1159 901 1192 928 ad
1226 908 1255 928 se
1279 900 1385 929 vocatis
1419 899 1653 927 concertationem

865 947 984 983 suscepit
1000 955 1090 975 aerem
1116 951 1143 974 et
1160 946 1205 974 diu
1221 945 1368 980 ancipitem
1385 943 1494 972 obnixis
1515 942 1654 976 utrimque

865 995 963 1023 studiis
975 993 1198 1021 contendentium
1210 1000 1218 1019 :
1229 999 1290 1020 cum
1307 991 1455 1026 imperator
1466 989 1573 1024 quidem
1586 987 1654 1015 nihil

866 1039 918 1068 sibi
933 1039 1037 1068 faceret
1051 1038 1148 1072 reliqui
1164 1038 1197 1065 ad
1210 1044 1321 1065 omnem
1351 1044 1444 1064 curam
1465 1041 1656 1068 summumque

867 1090 993 1114 conatum
1013 1083 1194 1120 persuadendi
1213 1082 1326 1117 perditis
1342 1086 1372 1110 ut
1386 1081 1453 1110 salvi
1466 1088 1526 1109 esse
1542 1080 1650 1112 vellent,

864 1131 903 1159 illi
929 1136 1023 1159 contra
1037 1129 1144 1158 stolidis
1159 1129 1294 1157 renisibus
1323 1128 1456 1156 indomita
1467 1126 1653 1155 obstinatione

865 1178 891 1205 in
906 1177 1007 1204 furioso
1020 1183 1080 1204 sese
1096 1175 1210 1203 consilio
1224 1174 1382 1210 respuenda:
1398 1174 1494 1202 salutis
1506 1173 1655 1201 oblirman-

865 1228 906 1252 tes
933 1222 998 1250 totis
1025 1221 1219 1249 incumbebant
1247 1221 1351 1248 viribus
1376 1221 1410 1248 ad
1433 1219 1566 1247 funestam
1596 1219 1650 1246 sibi

867 1274 984 1301 vereque
1006 1265 1153 1293 Cadmeam
1178 1265 1320 1293 victoriam
1344 1264 1546 1300 reportandam.
1565 1262 1655 1291 Ferox

20 1317 72 1346 per
86 1316 116 1336 se
131 1311 244 1345 quisque
257 1312 469 1341 additamentum
488 1315 605 1341 audacia:
618 1314 804 1351 ex\consortio
823 1317 917 1340 mutuo
930 1313 1082 1340 sumebant.
1103 1311 1156 1339 Res
1170 1312 1205 1339 ab
1222 1312 1256 1339 iis
1269 1311 1450 1339 communiter
1481 1315 1511 1338 ut
1540 1318 1555 1337 a
1589 1318 1655 1338 con-

21 1355 193 1389 spirantibus
206 1357 410 1393 conjuratisque
424 1358 585 1394 gerebatur;
602 1367 651 1387 nec
665 1359 811 1387 retumlere
830 1358 948 1386 contenti
971 1358 1096 1385 salubres
1113 1358 1284 1391 imperatoris
1300 1357 1380 1388 ictus,
1394 1356 1477 1383 etiam
1509 1363 1597 1391 usque
1628 1356 1654 1382 in

23 1401 153 1430 ﬁduciam
170 1403 240 1432 ultro
260 1405 414 1433 incessendi
437 1406 568 1434 tollebant
601 1406 707 1433 animos
740 1405 877 1440 religionis
891 1405 968 1438 juxta
989 1403 1195 1439 maiestatisque
1210 1407 1423 1438 contemptores.
1462 1402 1557 1429 Nullus
1597 1401 1654 1436 jam

22 1449 158 1483 principis
171 1455 324 1485 respectus.
347 1451 455 1479 lrritata
471 1459 556 1487 usque
574 1453 600 1479 in
615 1452 717 1480 rabiem
745 1451 916 1480 contumacia
931 1450 1111 1477 reverentiam
1129 1450 1245 1477 vicerat.
1283 1448 1375 1476 Palam
1407 1449 1434 1476 in
1467 1456 1499 1476 os
1528 1448 1657 1483 procaci—

22 1500 66 1522 ter
85 1495 310 1531 interpellabatur
324 1497 462 1533 Augustus
474 1498 600 1533 loquens,
610 1500 643 1526 ab
657 1499 811 1526 inhumanis
832 1506 885 1526 non
902 1499 994 1525 minus
1009 1504 1089 1532 quam
1114 1497 1213 1532 impiisI
1233 1497 1277 1531 qui
1291 1495 1365 1523 velut
1381 1495 1409 1522 in
1431 1499 1507 1523 arcto
1550 1503 1565 1522 a
1604 1501 1653 1522 ve-

24 1543 173 1570 natoribus
198 1543 267 1573 forte
281 1546 441 1580 deprehensi
465 1551 623 1581 spumantes
666 1547 725 1582 apri
759 1547 855 1575 dentes
873 1546 1009 1574 acuebant
1028 1551 1120 1573 mutuo
1133 1551 1161 1574 et
1175 1545 1201 1572 in
1217 1552 1313 1572 omnes
1338 1543 1473 1571 inferendi
1495 1551 1602 1571 morsus
1616 1550 1662 1570 0(‘r

23 1588 155 1617 easiones
170 1590 319 1621 inhiabant.
334 1592 384 1621 Ubi
401 1593 505 1621 dixerat
518 1593 636 1621 Cusinus
650 1594 722 1628 quod
739 1594 815 1622 furor
853 1596 1028 1630 suggesserat
1055 1593 1088 1619 ad
1114 1591 1320 1620 convellendam
1348 1590 1560 1626 disputationem
1603 1591 1660 1617 Au-

24 1635 114 1671 gusti,
142 1637 214 1671 quod
243 1637 287 1665 ille
315 1638 444 1666 omiserat
473 1639 615 1674 sttpplebat
641 1639 724 1667 Cnleo
740 1649 748 1667 :
764 1640 815 1668 hoc
853 1647 964 1675 quoque
979 1639 1039 1674 ipso
1052 1638 1197 1668 exhausto.
1215 1636 1327 1669 Pholus,
1345 1637 1424 1671 quasi
1447 1636 1555 1669 utrique
1596 1643 1657 1663 suc-

24 1685 210 1728 εεηιυτῖτιιηβ.
232 1693 326 1713 recens
353 1694 470 1722 pugnam
498 1687 658 1721 capessebat
677 1695 684 1714 :
702 1688 737 1715 ita
770 1692 817 1715 aut
857 1687 988 1714 adversus
1020 1684 1192 1719 imperatoris
1208 1683 1430 1711 ratiocinationes
1441 1687 1529 1709 certas
1547 1687 1574 1709 et
1592 1682 1660 1716 peti-

26 1730 122 1758 tiones
147 1727 332 1759 ineluctabiles
355 1732 400 1759 alii
426 1740 506 1767 super
530 1733 598 1760 alios
620 1741 680 1761 sese
699 1733 813 1760 invicem
835 1733 1024 1760 inscendentes
1037 1730 1182 1758 resilientis
1209 1729 1365 1764 pertinaciae
1399 1727 1496 1756 ﬂuctus
1527 1733 1661 1755 exmstna‘

27 1784 102 1806 rent.
137 1780 174 1808 Ac
202 1779 280 1807 facile
295 1781 432 1815 Angustus
454 1781 562 1815 quidem
601 1781 730 1816 quidquid
755 1781 791 1807 illi
825 1779 1002 1808 obtenderent
1028 1776 1147 1804 dililabat
1181 1775 1377 1810 cverrebatque
1399 1781 1447 1801 ceu
1472 1773 1562 1801 futiles
1595 1781 1659 1800 ara-

33 1834 150 1853 nearum
168 1826 246 1858 telas,
263 1827 355 1860 sicque
377 1826 534 1854 obstruebat
546 1834 592 1854 ora
607 1826 723 1862 impura.
738 1827 872 1853 Caeterum
887 1825 934 1852 ubi
949 1824 1138 1859 loquacitatem
1168 1821 1222 1848 l'nci
1265 1819 1321 1854 iam
1350 1819 1440 1847 omnis
1468 1819 1596 1853 impotem
1630 1820 1658 1846 iu

28 1873 171 1900 silentium
185 1872 362 1907 compulerat,
379 1877 433 1899 tota
449 1873 571 1900 restabat
586 1873 611 1899 in
626 1872 703 1900 duris
734 1872 833 1900 animis
873 1869 1038 1905 pervicacia.
1054 1867 1182 1896 dedoccri
1208 1867 1301 1901 utique
1325 1872 1442 1893 renuens
1458 1872 1566 1892 errores
1579 1865 1661 1892 etiam

29 1920 184 1948 convictos.
200 1919 248 1946 llic
265 1925 395 1954 pertaesus
420 1921 579 1948 stoliditatis
609 1921 747 1948 hominum
765 1921 902 1956 Augustus
916 1919 1010 1946 deduci
1025 1925 1072 1945 eos
1086 1923 1142 1952 prae
1184 1922 1214 1943 se
1237 1915 1314 1949 jubet
1353 1914 1379 1942 in
1417 1914 1512 1942 urbem
1544 1913 1657 1948 regiam,

30 1969 171 2002 assignata
186 1968 251 2000 ipsis
270 1968 435 1995 habitatione
464 1969 490 1995 in
504 1969 653 2003 porticibus
670 1977 730 2004 qum
745 1970 818 1997 circa
839 1975 966 2003 magnum
985 1966 1117 2001 palatium
1132 1969 1206 1991 sunt.

69 2013 110 2039 Οὐ
141 2012 193 2047 μὴν
216 2012 317 2047 ἄθυρος
345 2012 520 2039 παντάπασιν
544 2011 578 2048 ἦν
603 2014 628 2040 εἰ
645 2014 693 2039 καὶ
712 2013 800 2039 τούτω

931 2013 958 2039 ie
979 2012 1005 2038 in
1026 2017 1145 2045 praesens
1163 2008 1237 2035 ﬁnita
1253 2007 1294 2035 vel
1317 2007 1406 2042 potius
1425 2006 1581 2034 intermissa
1601 2014 1662 2033 cum

31 2060 100 2090 τοὺς
115 2059 246 2093 ἀρχαίους
264 2059 361 2093 λόγους
378 2059 417 2094 τῷ
442 2060 512 2091 τέως
526 2060 576 2086 οὐκ
593 2060 738 2094 ἐθήρασεν,

936 2057 1022 2084 tribus
1041 2055 1166 2082 tractatio
1189 2060 1249 2080 est:
1265 2054 1290 2079 in
1305 2053 1404 2087 quibus
1422 2057 1558 2087 utcunque
1574 2053 1662 2087 perdi-

33 2106 145 2141 ἡμέρας
163 2105 281 2138 suam;
306 2105 430 2140 προσῆγε
450 2105 519 2139 Θεῷ,
547 2106 614 2132 ὅπου
639 2106 688 2141 μὲν
716 2107 764 2132 ἐκα

934 2110 948 2128 o
962 2101 1092 2129 hactenus
1106 2099 1186 2126 verba
1204 2103 1230 2125 et
1247 2105 1357 2132 operam
1373 2098 1516 2132 Augustus.
1526 2097 1597 2125 visus
1611 2103 1663 2131 est.

33 2152 106 2177 ὅπου
122 2151 149 2177 δὲ
167 2151 213 2177 καὶ
227 2151 341 2182 πλείους
355 2151 410 2177 τῶν
427 2151 524 2177 ἑκατόν
538 2159 545 2165 ·
563 2151 599 2183 ὡς
619 2151 827 2186 cupitae-06304:.

34 2197 104 2228 τούς
133 2205 162 2222 τε
188 2197 449 2232 προτεθηραμένους
470 2197 517 2224 καὶ
539 2197 602 2228 τοὺς
623 2197 671 2224 νῦν
697 2197 749 2224 ὑπὸ
775 2198 827 2231 τῆς

34 2243 138 2268 τούτου
151 2241 276 2276 γλώττης
292 2242 461 2274 ἑαλωκότας,
477 2243 517 2274 εἰς
530 2242 630 2277 μυρίας
641 2242 690 2269 καὶ
703 2241 827 2277 χιλιάδας

34 2287 148 2322 ἀνδρῶν
163 2287 407 2323 πολυαριθμήτων.
428 2287 483 2314 Καὶ
498 2287 524 2313 τί
537 2287 592 2323 γὰρ
607 2287 647 2314 δεῖ
661 2286 751 2321 λέγειν
780 2287 827 2313 καὶ

35 2333 192 2367 διατρίϐειν
209 2334 272 2367 περὶ
287 2330 325 2360 ὧν
343 2334 358 2368 ἠ
377 2332 510 2368 σύμπασα
537 2333 685 2368 οἰκουμένη
712 2332 828 2359 ἐπίστα-

36 2389 98 2411 ται,
119 2379 164 2404 καὶ
194 2380 332 2414 μάρτυρές
353 2380 405 2406 εἰσι
428 2379 476 2406 καὶ
496 2379 625 2414 Ἀνατολὴ
650 2380 698 2406 καὶ
724 2379 827 2412 Adam;

38 2427 140 2456 Πόλεις
157 2425 209 2460 γὰρ
224 2426 288 2452 ὅλας
304 2426 351 2452 καὶ
368 2426 460 2461 χώρας
475 2427 535 2457 ταῖς
553 2426 738 2454 παντοδαπαῖς
755 2425 830 2460 αἶρέ-

38 2481 104 2498 σεσι
124 2472 333 2506 κεκρατημένας
358 2471 537 2506 πολυτρόπως
562 2472 602 2503 εἰς
626 2472 675 2506 τὴν
692 2471 830 2506 ἡμετέραν

37 2516 187 2552 ὀρθόδοξον
215 2517 368 2552 μετήνεγκε
393 2517 498 2544 πίστιν.
524 2518 594 2549 Τοὺς
614 2517 663 2551 μὲν
683 2516 717 2543 τὰ
733 2517 828 2552 πρῶτα

876 2157 927 2176 non
946 2153 1035 2176 tamen
1053 2145 1146 2173 irritus
1162 2144 1198 2172 illi
1222 2143 1298 2170 labor
1323 2143 1413 2170 omnis
1436 2143 1567 2176 spiritalis
1586 2143 1665 2177 hujus

877 2203 909 2223 ac
925 2194 1057 2230 religiosae
1072 2191 1224 2219 venationis
1248 2190 1339 2226 periit.
1359 2189 1477 2224 Singulis
1490 2189 1590 2217 etenim
1606 2189 1665 2216 die-

877 2242 927 2269 bus
942 2240 1138 2269 reconciliabat
1156 2239 1211 2266 Deo
1226 2237 1370 2265 hwreticos
1387 2236 1520 2264 interdum
1541 2241 1664 2268 centum,

877 2294 1069 2322 nonnunquam
1085 2286 1193 2321 plures;
1210 2285 1277 2312 adeo
1293 2289 1334 2316 ut,
1349 2283 1370 2311 si
1383 2284 1443 2318 quis
1456 2291 1537 2310 unam
1551 2283 1576 2310 in
1589 2290 1664 2310 sum-

879 2342 948 2362 mam
968 2333 1090 2361 coni’erat
1104 2336 1157 2359 tam
1173 2339 1219 2358 eos
1240 2325 1285 2365 qui
1302 2330 1386 2365 priori
1408 2330 1521 2364 Augusti
1545 2337 1666 2356 commo-

878 2381 985 2408 ratione
999 2387 1064 2407 voce
1082 2379 1167 2414 ipsius
1182 2386 1213 2405 ac
1231 2377 1321 2411 lingua
1345 2377 1467 2411 persuasi
1485 2376 1666 2410 rcsipucrunt,

879 2435 959 2460 quam
975 2433 1042 2460 quos
1065 2425 1090 2451 in
1112 2425 1200 2452 reditu
1217 2427 1361 2458 resumpr
1376 2422 1573 2458 disputationes
1591 2421 1666 2456 ejus-

878 2472 939 2499 dem
962 2471 1045 2507 456
1063 2470 1233 2497 deduxerunt
1258 2467 1292 2494 ab
1316 2474 1419 2499 errore,
1443 2466 1521 2494 facile
1541 2466 1568 2492 in
1583 2465 1665 2492 multa

885 2516 966 2543 millia
987 2524 1018 2544 ac
1034 2516 1169 2550 myriadas
1185 2517 1326 2541 excrescat
1338 2519 1478 2540 numerus.
1497 2511 1581 2547 Cujus
1598 2511 1667 2538 allii--

578 2574 677 2604 Varim
696 2574 849 2605 lectiones
869 2582 906 2604 ex
919 2575 989 2605 cod.
1006 2573 1140 2604 Coislin.

81 2627 92 2642 '
109 2627 277 2662 συνεκρότει.
316 2629 327 2646 ι
341 2626 416 2654 ἄλλο.

587 2670 657 2701 Car.
677 2670 839 2701 Dufresnii
854 2673 902 2701 Du
921 2672 1030 2711 Cangii
1049 2675 1142 2702 noles.

81 2723 138 2757 (65)
159 2722 357 2763 Περιδριξμους
372 2721 474 2763 στοᾶς.
491 2721 613 2763 Porticus
630 2720 812 2763 palatimnhau'

941 2730 1027 2763 u'rttur,
1039 2730 1151 2763 quarum
1163 2721 1283 2763 meminit
1293 2719 1438 2761 Chronica"
1451 2719 1668 2763 Alexandrinum“

40 2755 162 2790 bien‘es,
185 2755 211 2784 in
233 2755 330 2791 quibus
345 2758 516 2784 em-ubabant
542 2756 695 2791 praetoriani
722 2755 832 2791 milites,

42 2796 78 2821 ad
98 2794 177 2827 regia:
192 2798 218 2818 et
242 2789 414 2826 imperatoris
440 2792 524 2827 ipsius
542 2789 697 2827 custodiam
724 2789 833 2827 delecti,

42 2835 116 2863 quas
127 2826 383 2863 eli-ganticarmine
405 2826 550 2863 descripsit
574 2826 717 2863 Corippus,
738 2826 832 2863 lili._ttt

44 2860 84 2891 [)c
101 2860 223 2890 laudi—bus
238 2861 350 2889 Justini.
365 2861 418 2888 llas
433 2862 504 2888 int-‘r
519 2868 596 2889 ert-nl
611 2861 731 2896 porticus
749 2860 834 2887 Salio-

889 2765 936 2784 au.
950 2755 1054 2783 .lustinf
1069 2757 1085 2784 ὅ
1100 2765 1107 2790 ;
1123 2757 1244 2783 επευιιὶιη
1261 2757 1286 2782 in
1305 2756 1458 2782 universum
1480 2755 1560 2790 dicta:
1576 2762 1669 2782 οι1ιιιιιε

890 2791 1010 2823 Zonurm,
1025 2791 1043 2818 S
1061 2793 1148 2826 yliiza:
1166 2797 1192 2818 et
1207 2791 1322 2823 Colline,
1342 2792 1369 2816 in
1386 2790 1458 2826 Orig:
1478 2789 1531 2826 ({I’.
1543 2798 1552 2822 ;
1564 2791 1655 2826 excul-i

884 2828 964 2860 toria,
979 2824 1080 2854 auctori
1096 2828 1128 2854 de
1147 2827 1242 2854 exsilio
1257 2826 1285 2853 S.
1304 2827 1409 2852 Martini
1424 2825 1474 2852 l’P.
1493 2824 1556 2852 \lide
1571 2833 1594 2860 ιι.
1609 2825 1659 2851 illi
