1854 3029
201 106 271 139 nos
848 99 933 130 ΑΝΝλ

1103 98 1170 129 ΖΝίΕ
1576 126 1577 129 η
1775 94 1835 129 1105

200 163 264 189 tiaut
281 162 369 190 noctis
385 160 537 188 custodiam
553 157 681 186 continuo
696 159 837 184 vacantem
874 153 920 181 uni
956 153 1019 180 rei:
1042 152 1195 180 audientem
1232 149 1362 178 nimirum
1393 150 1614 187 patientissime,
1648 157 1682 179 ac
1717 150 1836 178 Vicissim

199 211 380 245 alloquentem
407 216 474 244 quos
504 207 620 236 subinde
646 205 807 234 accersebat.
843 203 984 230 erroribus
1003 201 1161 236 implicitos.
1177 199 1217 228 lbi
1233 207 1281 228 eos
1297 201 1411 228 docebat
1424 201 1503 228 tidem
1518 206 1636 234 rectam,
1671 201 1714 228 ibi
1750 201 1838 236 pravi-

199 262 280 284 tatem
297 253 690 289 hrcreseosipsorttmiuvictis
721 250 888 287 argumentis
922 247 1083 276 contutabat
1106 248 1339 283 convincebatque
1365 248 1588 276 ineluctabiliter.
1634 247 1764 275 Aderant
1798 248 1839 275 re!

198 308 282 332 testes
300 302 340 330 vel
356 302 495 336 adjutores
510 299 634 336 praeclari
659 298 749 333 operis
782 296 944 326 Eustratius.
960 299 987 322 et
1006 294 1103 322 Nicaea:
1121 295 1246 326 antistes,
1264 294 1306 321 vir
1320 299 1346 321 et
1360 295 1447 322 sacris
1461 299 1489 321 et
1523 296 1646 322 externis
1679 295 1838 322 cumulatus

196 350 309 382 litteris,
330 348 471 384 praestanti
485 354 550 375 vero
574 345 745 381 potissimum
773 343 876 378 pollens
900 342 1100 377 colloquiorum
1134 348 1166 369 ac
1196 348 1389 376 congressuum
1431 342 1662 369 conserendorum
1698 342 1837 371 facultate,

200 397 270 425 adeo
290 398 399 432 quidem
415 402 444 423 ut
461 395 488 422 in
505 395 556 422 ista
585 393 752 428 disceptandi
766 399 857 419 corant
872 391 1035 418 dexteritate
1050 389 1154 422 vivida,
1198 390 1331 425 copiaque
1359 389 1526 424 disputandi,
1552 397 1599 417 eos
1635 390 1725 417 etiam
1765 396 1839 418 ante-

198 443 310 471 celleret
320 443 366 478 qui
379 443 406 469 itt
423 441 539 469 Zenonis
553 440 671 476 porticu,
686 444 732 466 attt
764 437 896 464 Academi
928 436 1024 471 spatiis
1044 436 1096 464 hoe
1115 443 1198 463 unum
1215 441 1271 464 tota
1287 436 1341 463 vita
1359 436 1534 463 meditantur.
1559 436 1614 463 Nec
1630 437 1693 471 ipse
1715 437 1838 464 videtiee:

197 489 292 516 deerat
317 487 579 522 Philippopolilanus
603 484 834 519 archiepiscopus.
863 482 916 509 Sed
935 487 999 509 ante
1018 489 1113 509 omnes
1125 487 1154 509 et
1166 489 1219 517 pra:
1228 482 1354 509 omnibus
1364 490 1447 509 unum
1462 482 1611 516 imperator
1623 483 1676 509 sibi
1695 484 1733 509 ad
1768 484 1835 509 hanc

198 541 315 569 pugnam
329 534 543 561 commilitanetn
560 531 720 558 auxiliaretn
761 529 924 564 adjunxerat
956 527 1138 563 Nicephorum
1167 536 1256 555 meum
1280 528 1416 556 Caes-rem
1431 537 1438 554 :
1452 527 1535 564 454
1550 536 1630 562 quem
1667 529 1798 563 iusserat
1814 532 1839 556 in

198 582 294 609 divinis
311 581 388 609 libris
400 582 468 609 bene
482 581 538 616 jam
556 586 633 607 antea
649 585 797 611 versatum,
815 577 942 612 colligere
955 578 988 604 ad
1010 582 1170 612 praesentem
1195 585 1273 604 usum
1301 578 1455 613 habereque
1481 578 1506 605 in
1543 583 1669 613 promptu
1709 585 1798 613 atque
1817 579 1839 605 in

197 633 320 664 tempore
331 635 478 664 suggerere
494 626 648 654 testimonia
661 632 801 653 sacrorum
812 624 984 652 oraculorum
1005 632 1066 659 qua:
1079 629 1171 660 aperte
1189 625 1357 652 revincendis
1388 625 1698 660 l’hilippopulitauorum
1738 628 1841 654 errori-

198 677 248 704 bus
272 680 332 711 apta
360 680 462 702 essent.
481 674 596 701 Fructus
620 673 724 700 exstitit
746 679 835 706 operat
868 679 1002 707 magnus:
1042 671 1165 706 plurimis
1202 671 1411 699 Manichaeorum
1448 672 1594 706 pertinacia
1635 677 1663 700 ιιι
1699 674 1837 700 dubitatio

197 723 286 750 omnis
300 727 424 757 exempta
438 727 489 749 est.
507 721 583 748 Ibant
602 719 724 755 persuasi
742 726 823 746 exuto
840 725 933 745 errore
949 717 982 745 ad
1006 718 1176 750 sacerdotes,
1202 722 1229 744 et
1242 718 1276 745 ab
1290 717 1323 745 iis
1338 721 1448 752 peccata
1465 718 1536 746 ultro
1569 718 1619 753 ipsi
1635 727 1685 745 sua
1725 719 1841 749 fatente,

198 768 413 801 darnnantesque
451 767 534 794 divini
569 765 695 800 baptismi
740 764 842 792 ﬁebant
868 764 1025 800 participes.
1046 763 1145 792 Multos
1157 768 1247 791 tamen
1264 764 1355 791 videre
1370 769 1427 792 erat
1449 764 1683 799 eodemtempore
1711 773 1839 799 [terrena

197 814 349 842 constantia
366 821 457 841 veram
482 812 553 840 illam
578 817 605 840 et
629 815 750 839 sanctam
768 810 983 839 Macltabaeorum
1003 810 1178 844 annulantes,
1209 810 1264 838 into
1290 815 1460 845 superantes.
1491 810 1598 838 Etenim
1634 816 1662 838 ut
1715 811 1754 838 illi
1797 820 1841 846 pro

199 868 276 888 saera
293 859 439 895 divinaque
466 859 606 893 religione,
632 858 667 885 ita
701 857 728 885 hi
754 865 804 892 pro
837 864 887 885 suo
921 856 1026 885 nefario
1045 864 1138 884 errore
1151 856 1368 892 propugnabant,
1387 862 1540 891 perstantes
1555 857 1580 884 in
1595 865 1640 889 eo,
1662 859 1840 892 proferente:

197 907 360 942 quinetiam
386 906 563 933 auctoritates
581 910 608 932 et
623 904 774 933 sententias
792 903 923 932 librorum
968 903 1122 931 divinorunt
1159 903 1258 938 quibus
1288 910 1368 930 suum
1397 903 1557 938 disputabile
1586 904 1693 931 Iirmari
1747 906 1840 941 dogma

197 954 353 983 credebant.
367 952 467 980 Verum
485 957 511 980 et
529 952 624 979 horum
645 951 781 985 plerisque
796 951 876 978 istam
907 950 939 977 ad
956 955 1109 978 extremum
1138 950 1336 978 contumaciam
1369 951 1535 985 quotidianae
1578 951 1768 981 allocutiones
1790 955 1836 981 iut—

197 1001 330 1035 peratoris
347 1004 376 1027 ct
392 1000 437 1027 illa
473 999 588 1026 miseros
613 998 775 1025 admonendi
808 997 1026 1032 adhortandique
1046 997 1315 1032 perseverantissime
1338 998 1457 1032 dignatio
1473 999 1583 1034 eripuit,
1605 1004 1636 1026 ut
1656 999 1721 1033 jam
1739 1006 1771 1028 et
1788 1011 1841 1030 cn-

195 1047 270 1079 dere,
285 1052 312 1075 et
329 1054 408 1074 sacro
421 1046 584 1080 baptismate
609 1044 710 1072 initiari
733 1044 851 1072 convicti
869 1044 980 1076 vellent,
1002 1048 1084 1079 atque
1101 1043 1172 1071 ultro
1183 1050 1345 1078 poseerent;
1361 1053 1477 1079 quorum
1490 1045 1565 1073 salus
1592 1047 1708 1074 abunde
1741 1056 1837 1082 magna

195 1097 234 1122 tot
265 1094 389 1122 laborum
414 1099 522 1121 merces
545 1092 667 1128 Augusto
686 1091 847 1124 videbatur;
885 1091 1005 1125 tantique
1045 1090 1081 1117 illi
1116 1095 1177 1117 erat
1204 1091 1500 1119 aarumnosissimorum
1530 1099 1737 1126 congneSSuutn
1765 1101 1842 1121 emr-

195 1138 259 1166 bcre
275 1139 354 1175 longa
368 1137 459 1170 taedia,
475 1136 541 1164 solis
555 1137 589 1164 ab
604 1140 701 1165 exortu
716 1137 804 1171 primo
818 1136 851 1163 ad
873 1135 1113 1171 proluudissirttam
1145 1136 1246 1170 saepius
1280 1141 1387 1165 noctem
1411 1136 1579 1171 (iurantium,
1603 1146 1619 1164 a
1664 1139 1776 1174 quibus
1812 1148 1841 1167 ne

196 1186 327 1213 memoria
339 1186 448 1220 quidem
471 1193 533 1213 cum
570 1191 618 1214 aut
650 1186 801 1214 ttccessitas
837 1185 949 1213 curandi
986 1184 1102 1212 avellere
1123 1184 1249 1220 corporis
1270 1189 1386 1220 poterat,
1407 1190 1478 1213 totos
1503 1185 1665 1221 plerumque
1692 1187 1840 1223 impastae:

195 1231 254 1258 dies
268 1231 294 1258 in
309 1231 362 1259 illis
379 1231 609 1259 fastidiosissimis
631 1231 730 1267 iurgiis
753 1236 984 1267 perseverantem,
1005 1230 1086 1265 idque
1107 1238 1156 1265 per
1181 1235 1276 1258 aratum
1294 1231 1343 1259 sub
1358 1231 1416 1259 sole
1433 1231 1550 1266 ardenti,
1568 1239 1631 1259 nam
1663 1232 1724 1260 ista
1760 1234 1840 1261 callo-

195 1279 258 1315 quia
272 1278 299 1306 in
315 1278 449 1306 subdivati
467 1278 645 1306 tabernaculo
664 1278 774 1306 ﬁebant.

234 1325 301 1351 Dum
332 1323 392 1351 huic
408 1323 526 1350 maxime
554 1327 688 1358 geruntur
713 1328 741 1350 et
770 1324 914 1350 verborum
936 1322 966 1349 he

1106 1321 1124 1347 Iv
1139 1319 1193 1354 ὅσῳ
1207 1319 1235 1346 δὲ
1249 1319 1338 1346 ταῦτα
1353 1320 1483 1352 ἐτελεῖτο,
1502 1320 1551 1346 καὶ
1572 1321 1588 1356 ἡ
1615 1320 1724 1357 λογικὴ
1754 1323 1838 1355 sum,

197 1369 320 1404 praelium
333 1372 415 1402 atque
428 1368 564 1395 rationum
583 1375 644 1395 cum
665 1366 823 1395 Manichaeis
841 1367 938 1394 initunt
961 1367 987 1394 in

199 1415 408 1450 ﬂagrantissima
423 1413 617 1441 commissione
632 1418 674 1442 est
685 1434 693 1448 ,
713 1414 823 1448 quidam
844 1420 909 1441 ecce
924 1420 989 1439 eur-

198 1461 283 1489 riculo
295 1460 328 1487 ab
344 1460 412 1488 Istro
423 1460 537 1487 veniens
553 1459 697 1495 trajecisse
716 1459 824 1487 nuntiat
839 1458 986 1487 Cumanos.

200 1507 309 1541 Rumpit
327 1506 360 1534 ad
375 1513 435 1533 eam
455 1514 549 1533 vocem
563 1506 712 1541 imperator
726 1514 816 1533 moras
834 1514 940 1539 omnes,
961 1511 988 1533 et

200 1553 350 1581 Danubium
375 1560 472 1580 versus
483 1552 621 1587 extemplo
647 1557 747 1585 movet,
776 1554 925 1588 assumptis
944 1561 990 1579 ra-

199 1600 264 1634 ptim
279 1606 348 1634 quos
364 1598 434 1627 forte
449 1598 523 1626 circa
540 1606 570 1626 se
584 1599 679 1626 habuit
696 1598 840 1626 militibus.
864 1598 932 1626 Cum
948 1599 990 1626 his

198 1653 305 1673 summa
334 1644 473 1672 celeritate
496 1652 572 1678 usus,
588 1645 712 1679 pervenit
735 1644 779 1672 ille
804 1645 912 1680 quidem
934 1646 988 1672 cito

199 1691 331 1728 Bidynen,
354 1695 481 1719 cteterum
498 1690 553 1718 illic
578 1694 608 1718 ut
624 1696 783 1726 speraverat
808 1698 860 1718 non
883 1692 987 1726 reperit

199 1738 345 1765 llarbaros.
361 1736 495 1764 Nimirum
512 1737 539 1764 hi
560 1741 670 1772 accepta
687 1736 759 1763 tanta
772 1741 884 1764 strenue
896 1741 990 1763 contra

200 1785 273 1818 ipsos
291 1783 417 1812 vadentis
434 1783 549 1818 Augusti
569 1782 684 1818 trajecto
699 1783 796 1810 iterum
814 1790 893 1809 amne
905 1787 992 1809 retro-

200 1835 355 1858 cesserant.
375 1829 423 1857 llic
444 1831 593 1863 imperator
616 1834 786 1864 segregatam
813 1836 846 1856 ex
865 1829 991 1856 omnibus

200 1876 286 1908 copiis
304 1876 401 1903 lectam
419 1875 529 1902 fortium
549 1882 658 1902 manum
691 1875 731 1901 ire
745 1879 806 1909 post
822 1874 931 1908 fugaces
949 1876 993 1909 ju-

197 1922 257 1947 dict.
271 1919 426 1947 Transeunt
440 1920 536 1947 Istrum
554 1919 593 1946 illi
609 1923 636 1946 et
650 1919 737 1946 tribus
752 1919 848 1947 diebus
866 1920 989 1947 totidem-

203 1971 256 1999 que
270 1964 396 1992 noctibus
411 1971 517 1991 summa
534 1964 558 1991 vi
582 1965 675 1991 hostes
689 1964 802 1991 insccttti
820 1965 929 1991 tandem
944 1973 991 1992 eos

1043 1366 1113 1402 μετὰ
1128 1366 1183 1392 τῶν
1200 1366 1360 1401 Μανιχαέων
1379 1368 1570 1402 συνεκροτεῖτο
1594 1367 1718 1402 ἆμιὶλα,
1740 1369 1841 1403 φῠὲως

1041 1423 1086 1446 τις
1108 1412 1161 1440 ᾰπδ
1177 1412 1225 1439 τοῦ
1242 1412 1349 1448 Ἴστρου
1374 1413 1424 1448 τὴν
1437 1414 1490 1439 τῶν
1512 1413 1651 1448 Κημάνων
1680 1416 1839 1450 ἀπὴγγεὶὶε

1040 1458 1248 1494 διαπεραίωσιν.
1270 1457 1299 1484 ’0
1327 1458 1355 1484 δὲ
1379 1458 1506 1492 βασιλεὺς
1533 1459 1571 1493 μὴ
1601 1459 1755 1495 μελλήσεις
1781 1463 1839 1492 illa;

1041 1506 1110 1543 πρὸς
1135 1505 1180 1532 τὸν
1208 1505 1339 1532 Δάνουόιν
1353 1505 1464 1540 ἤλαυνε,
1484 1506 1541 1537 τοῖς
1556 1506 1751 1541 περιτυχοῦπι
1767 1517 1840 1542 32:11-

1041 1551 1154 1583 τιώταις
1172 1551 1413 1585 συγχρησάμενος,
1429 1551 1477 1577 καὶ
1491 1551 1541 1586 τὴν
1553 1551 1670 1587 Βιδύνην
1687 1553 1752 1588 (66)
1766 1563 1839 1580 κατι-

1042 1597 1133 1625 >.α6ὼν
1148 1598 1196 1624 καὶ
1211 1598 1274 1629 τοὺς
1290 1596 1453 1632 Βπρὸἁρους
1470 1597 1507 1632 μὴ
1522 1597 1650 1632 εὑρηκὼς
1660 1607 1667 1613 ·
1703 1600 1839 1634 προέφε-

1043 1652 1092 1670 σιν
1109 1643 1163 1678 γὰρ
1176 1643 1225 1678 τὴν
1240 1642 1288 1669 τοῦ
1301 1643 1502 1678 αὐτοκράτορος
1518 1643 1624 1670 {leuent
1641 1646 1839 1681 μεμαθηκῦτες

1042 1690 1082 1720 εις
1106 1689 1228 1716 τούπίσω
1258 1689 1440 1724 διαπερᾶσαι·
1466 1692 1639 1726 παραχρῆμα
1665 1693 1840 1727 στριτιὼτσς

1041 1736 1185 1770 γενναίους
1207 1735 1417 1770 ἀποδιελόμενος
1442 1736 1492 1770 τὴν
1517 1737 1573 1763 τῶν
1599 1737 1770 1774 Βαρϐάρων
1791 1740 1840 1765 ὲτπ-

1042 1782 1133 1815 δίωξιν
1147 1781 1308 1816 ἐπέτρεψεν.
1319 1782 1351 1808 Οἱ
1365 1781 1392 1808 δὲ
1407 1782 1524 1808 κατόπι-ι
1539 1783 1644 1810 τούτων
1658 1786 1838 1820 παραχρῆμκ

1043 1828 1159 1864 ἤλαυνον
1183 1828 1228 1855 τὸν
1251 1828 1358 1863 Ἴστρον
1377 1829 1592 1864 διαπεράσαντες
1620 1830 1670 1856 καὶ
1700 1832 1754 1858 ἐπὶ
1777 1833 1839 1867 τρςά

1042 1874 1187 1906 διώκοντες
1202 1874 1394 1910 νυχθημέροις.
1421 1875 1496 1901 Ἐπεὶ
1513 1875 1577 1906 τοὺς
1595 1876 1758 1911 Κομάνους
1770 1878 1838 1904 ἐθεᾶ-

1043 1929 1135 1952 σειντο,
1160 1921 1193 1947 δι’
1207 1917 1245 1947 ὧν
1269 1922 1438 1955 ἐπεφέροντο
1468 1921 1594 1956 σχεδιῶν,
1614 1922 1663 1948 τὸν
1683 1924 1784 1951 ἐκεῖσε
1800 1924 1836 1949 τοῦ

1044 1965 1202 1997 Δανούὸεως
1217 1966 1315 2001 ῥέοντα
1341 1966 1463 2001 ποταμὸν
1482 1965 1730 2002 διαπεράσαντες,
1758 1970 1836 2004 ἄπρα-

203 2010 296 2038 vident
310 2010 456 2044 quemdam
478 2009 547 2036 ultra
566 2009 717 2036 Danubium
734 2009 866 2037 ﬂuentem
887 2011 935 2037 rati

1102 2030 1105 2036 .
1132 2011 1201 2047 πρὸς
1227 2011 1272 2038 τὸν
1296 2011 1486 2047 αὐτοκράτορα
1511 2013 1745 2049 ἐπανέστρεψαν,
1768 2017 1796 2042 '0

203 2063 272 2090 quas
293 2055 422 2083 ferebant
443 2063 535 2083 secum
557 2055 699 2091 trajecisse
726 2054 854 2088 ﬂuvium;
872 2063 931 2090 qua:
948 2063 990 2083 res

201 2109 249 2129 vos
263 2101 352 2128 redire
366 2101 399 2128 ad
418 2101 609 2135 imperatoren't
626 2101 719 2128 irritos
732 2101 788 2135 spt-i
804 2101 945 2136 compulit.
967 2100 992 2129 Is

202 2148 251 2174 etsi
268 2147 382 2175 moleste
408 2147 488 2180 tulit,
507 2155 562 2174 non
587 2146 674 2174 fuisse
697 2147 884 2182 deprehensos
902 2156 915 2173 ιι
933 2147 992 2174 suis

202 2193 367 2220 exercitibus
381 2193 515 2227 fugientes
540 2192 684 2224 Barbaros,
714 2197 802 2219 tamen
824 2193 850 2219 iu
873 2193 992 2220 victoriae

203 2244 278 2273 parte
299 2239 450 2266 numeravit
477 2238 568 2273 fugant
596 2238 668 2265 illaut
690 2238 775 2273 ipsam
794 2239 912 2266 hostium
933 2240 991 2267 sola

204 2285 297 2319 pi-urttl
321 2284 393 2312 fama
414 2285 594 2319 repulsorum,
626 2284 772 2312 accedente
787 2287 937 2320 praesertim
957 2287 991 2314 ad

203 2331 270 2357 tueri
284 2332 420 2358 cumulum
436 2339 467 2358 cu
484 2331 655 2365 expeditione
676 2330 740 2358 facti
759 2332 932 2360 traductione
952 2337 992 2360 tot

206 2377 344 2405 Lolllillunt
361 2385 376 2403 a
393 2377 496 2404 nefaria
508 2376 718 2405 Manichatorum
731 2377 826 2404 lttrresi
844 2378 874 2404 ad
891 2383 991 2405 rectam

204 2431 323 2450 nostram
343 2429 369 2450 et
392 2432 485 2450 satiant
503 2424 593 2450 ﬁdem.
618 2423 663 2450 Bis
687 2423 769 2458 igitur
785 2425 872 2451 victor
888 2429 914 2450 et
931 2430 988 2451 tro-

204 2479 260 2505 paen
273 2471 374 2505 duplici
391 2476 493 2504 erecto,
524 2470 609 2498 altero
640 2470 665 2497 vi
696 2478 834 2497 armorum
859 2470 989 2498 adversus

204 2517 347 2550 Barbaros,
375 2517 460 2544 altero
483 2517 658 2544 contentione
673 2516 865 2551 disputationis
882 2517 990 2551 religio-

203 2561 318 2588 sissimut
347 2561 479 2589 adversus
499 2559 580 2596 455
603 2560 756 2594 haereticos,
782 2560 988 2595 Philippopolim

1042 2057 1168 2092 βασιλεὺς
1193 2057 1292 2093 rw.qu
1322 2058 1372 2093 μὲν
1395 2058 1437 2085 ὅτι
1463 2058 1502 2095 μὴ
1526 2060 1755 2096 κατελήφθησαν
1773 2064 1834 2097 παρὰ

1041 2105 1096 2130 τῶν
1121 2105 1333 2139 στρατευμάτων
1353 2104 1378 2131 οἱ
1399 2105 1547 2141 Βὰρόειροι,
1571 2106 1648 2141 ὅμως
1676 2109 1779 2142 μέντοι
1800 2110 1834 2134 11'.

1041 2149 1127 2176 τοῦτο·
1136 2149 1218 2184 μέρος
1238 2149 1317 2185 νίκης
1332 2151 1466 2184 ἡγήσατο,
1482 2152 1523 2177 ὅτι
1540 2151 1569 2183 ἐξ
1584 2152 1673 2187 ἀκοῆς
1692 2155 1748 2180 καὶ
1763 2155 1833 2188 μόνης

1042 2196 1104 2227 τοὺς
1127 2195 1286 2230 Βαρϐάρους
1312 2196 1418 2229 ἁπῶσε,
1437 2197 1485 2223 καὶ
1507 2197 1548 2223 ὅτι
1568 2198 1690 2230 πολλοὺς
1721 2200 1778 2225 τῶν
1794 2200 1832 2225 uti

1042 2242 1090 2275 τῆς
1117 2241 1290 2276 Μανιχαῖκῆς
1316 2241 1448 2276 αἱρέσεως
1475 2243 1514 2273 εἰς
1530 2243 1578 2277 τὴν
1594 2244 1748 2279 ἡμετέραν

1042 2294 1122 2320 νεγκε
1135 2286 1164 2312 πί
1170 2294 1236 2318 ττιν,
1248 2286 1359 2314 διπλοῦν
1371 2288 1543 2322 στησάμενος
1553 2289 1705 2323 τρόπαιον,
1716 2292 1768 2317 καὶ
1778 2299 1830 2317 21::

1042 2331 1195 2368 Βαρϐάρων
1205 2333 1260 2359 ἀπὸ
1270 2334 1323 2360 τῶν
1341 2334 1443 2367 ὅπλων,
1461 2336 1507 2361 καὶ
1525 2336 1596 2362 κατὰ
1618 2336 1676 2363 τῶν
1696 2337 1831 2374 αἱρετεκὲνς

1042 2378 1096 2405 ἀπὸ
1115 2379 1170 2404 τῶν
1190 2380 1395 2407 εὐσεϐεστάτων
1413 2381 1512 2416 λόγων.
1535 2382 1743 2419 Ὑποστρέψας
1760 2386 1832 2411 :ai-u-

1044 2424 1091 2450 καὶ
1107 2422 1186 2455 αὖθις
1198 2426 1238 2456 εὶς
1252 2425 1477 2460 Φιλιπποὺπολιν,
1497 2430 1544 2455 καὶ
1562 2430 1662 2464 μικρὸν
1688 2430 1831 2458 διανεπαύ-

1046 2478 1094 2501 σας
1115 2471 1220 2502 ἑαυτὸν,
1248 2471 1327 2497 πάλιν
1340 2473 1451 2506 ἀγώνων
1463 2475 1560 2509 εἴχετο.
1573 2476 1625 2501 Τὸν
1644 2476 1707 2511 γὰρ
1722 2487 1763 2504 τοι
1778 2479 1831 2504 Κλ.-

1046 2517 1141 2543 ).ἑοντα
1157 2517 1204 2544 καὶ
1228 2517 1273 2544 τὺν
1294 2518 1435 2550 Κούσινον,
1454 2523 1501 2546 καὶ
1519 2521 1565 2547 τὸν
1583 2522 1629 2547 ἐπὶ
1656 2524 1773 2555 τούτοις
1788 2524 1832 2549 Φὲα

1047 2562 1101 2596 λον,
1120 2562 1220 2597 ἄνδρας
1240 2564 1396 2599 προστάτας
1416 2566 1465 2600 τῆς
1489 2567 1666 2602 Μινιχαῐκῆς
1696 2571 1830 2604 tat-ossam;

205 2610 349 2636 revertitur
380 2609 481 2644 ibique,
505 2609 610 2636 modica
632 2608 722 2644 quiete
745 2613 836 2642 capta,
863 2608 932 2643 appli

1098 2608 1150 2634 ,τὰ
1169 2609 1219 2643 μὲν
1243 2609 1312 2637 ἄλλα
1338 2611 1408 2638 κατὰ
1433 2611 1498 2644 τοὺς
1526 2613 1626 2645 ἄλλους
1653 2615 1830 2652 Μανιχξιῐτης,

725 2665 826 2696 Variae
843 2665 1000 2697 lectiones
1027 2675 1064 2696 ex
1078 2665 1148 2697 cod.
1171 2666 1308 2698 Coislin.

239 2716 250 2732 ι
267 2713 301 2751 ἦν
315 2716 389 2743 [δεῖν.

736 2773 807 2804 Car.
825 2773 991 2803 Dufrt-snii
1012 2773 1061 2804 Du
1079 2773 1190 2813 Cangii
1208 2779 1302 2807 notae.

241 2822 297 2858 (6.5)
317 2823 456 2857 Βιδύνην.
472 2823 580 2858 Bidyncc
598 2827 697 2850 mentio
717 2827 756 2850 est
773 2823 841 2857 apud
857 2823 991 2850 Zonarzun
1009 2828 1035 2850 et
1055 2822 1199 2858 Scytitzem
1212 2825 1238 2853 iu
1257 2826 1466 2863 Bulgaroctono,
1481 2834 1507 2857 et
1525 2829 1650 2859 Suidatn.
