1854 3029
25 144 95 177 1105

618 149 822 180 ALEXIADIS
843 151 918 181 ΜΗ.
937 151 1015 182 ΚΝ.

1578 147 1649 181 “()6

24 201 128 245 δεινοὺς
143 201 171 228 δὲ
189 201 317 237 ἐνστῆναι
331 204 364 239 τῇ
383 203 488 233 ἑαυτῶν
506 205 666 242 κακοδοξίᾳ,
678 207 727 234 καὶ
741 216 756 233 π

914 215 957 236 sus
971 207 1091 235 animum
1107 199 1149 235 ad'
1168 206 1331 236 Manichzeos
1358 207 1472 242 repetita
1502 212 1646 236 concerta-

25 248 55 274 τὸ
85 247 231 282 πεισθῆναι
262 248 353 283 λόγοις
376 250 586 286 ἀδαμαντίνους,
616 253 755 287 σπαράξαι
783 253 812 280 δὲ

26 292 99 318 θεῖον
124 292 226 326 λάγιον,
254 294 302 320 καὶ
333 297 510 331 κακοσχὸλως
522 297 597 333 αὐτῷ
621 297 747 324 ἐκλαϐεῖν
773 298 813 330 εἰς

25 338 182 374 ὑπερϐολὴν
208 340 390 375 εὐμηχάνους.
421 342 538 374 Τούτους
565 344 813 379 μεταπεμπόμενος

24 385 87 411 καθ’
106 385 213 420 ἡμέραν
225 387 345 422 ἑκάστην
361 388 430 422 πρὸς
440 389 539 422 αὐτοὺς
551 390 597 418 τον
624 390 733 424 λογικὴν
749 400 813 418 συν-

23 432 139 466 εκράτει
151 433 161 448 ³
180 433 306 467 πόλεμον,
325 434 373 461 καὶ
388 432 422 470 ἦν
441 436 505 463 ἰδεῖν
524 437 616 471 ἀγῶνα
630 437 751 464 διπλοῦψ
765 438 812 465 τοῦ

26 477 78 511 μὲν
97 477 228 512 βασιλέως
242 479 318 512 ὅπως
335 480 459 514 σωθξῖεν,
478 482 525 509 καὶ
544 483 648 519 σφόδρα
666 484 813 518 ὑπεραγωσ-

23 522 178 557 νιζὸμενον,
195 524 249 550 τῶν
265 524 287 551 δ’
309 525 387 558 ὅπως
415 528 557 562 νικήσειαν
573 528 724 564 λεγομένην
755 529 813 556 Κα-

23 568 124 602 δμείαν
139 570 422 604 διαριλονεικούντων.
449 574 559 601 Ἐστᾶσι
583 575 632 610 μὲν
655 575 709 610 γὰρ
728 575 775 602 καὶ
789 575 814 601 ot

22 615 103 649 τρεῖς
125 615 257 650 θήξαντες
283 616 416 653 ἀλλήλους
441 619 568 655 καθάπερ
595 620 667 646 συῶν
695 620 813 653 ὀδόντες,

23 660 72 686 καὶ
93 660 156 692 τοὺς
179 661 274 695 λόγους
291 663 338 689 τοῦ
370 665 575 701 αὐτοκράτορος
603 667 632 693 ὲν
651 667 689 702 νῷ
706 667 814 702 ἔχοντες

22 705 192 741 διατέμνειν.
210 708 264 734 Καὶ
287 708 369 742 εἴτις
384 710 431 737 τὸν
454 711 587 739 Κοὺσινον
609 713 756 748 ὲξέφευγεν
770 714 815 741 ἒν-

24 761 132 784 στασις,
152 754 254 790 ταύτης
270 756 283 782 ό
300 756 426 783 Κουλέων
437 758 667 794 ἀντελαμσάνετο,
680 761 727 787 καὶ
743 760 813 796 ἀμη-

22 799 174 833 χανοῦντος
201 801 378 834 Κουλέοντος,
402 804 416 830 ὁ
439 804 529 837 Φῶλος
565 805 643 837 αὖθις
687 806 815 839 ἀντεξαν-

23 844 130 878 tanta,
156 846 172 881 ἦ
198 846 244 873 καὶ
266 848 334 884 πρὸς
363 849 413 881 τὰς
439 850 584 884 βασιλικὰς
600 852 747 886 προτάσεις
768 853 815 879 καὶ

23 891 180 925 ὑποφορὰς,
196 893 269 928 ἄλλῳ
290 894 338 920 σὺν
353 895 397 921 ἐπ’
412 895 485 931 ἄλλῳ
499 897 509 912 ⁵
527 897 665 932 ἠγείρετο,
686 898 813 933 καθάπερ

24 936 147 971 μέγιστα
179 938 290 974 κύματα
325 941 371 967 ἐπὶ
404 942 533 977 μεγάλοις
567 944 814 979 καταλαμϐάνοντα

24 982 160 1018 κύμασιν.
190 985 220 1012 '0
250 986 279 1012 δὲ
309 987 490 1024 αὐτοκράτωρ
509 989 559 1021 τὰς
588 990 680 1021 πάσας
709 990 814 1017 τούτων

22 1028 147 1056 διαλύων
172 1030 211 1063 ὠς
235 1033 310 1060 ἰστὸν
332 1034 458 1069 ἀράχνης
482 1035 633 1068 ἐνστάσεις,
656 1036 814 1072 ἐπὲῥραπτε

23 1075 77 1109 μὲν
96 1076 177 1108 εὐθὺς
192 1078 247 1104 τῶν
259 1079 423 1114 ἀκαθάρτων
446 1081 480 1108 τὰ
503 1081 637 1117 στόματα.
657 1083 702 1113 Ὠς
716 1082 745 1109 δὲ
764 1082 814 1109 πέ-

23 1129 126 1147 πεικεν
140 1122 276 1157 οὐδαμῶς,
303 1124 380 1157 τέλος
406 1125 567 1162 ἀπειρηκὼς
590 1127 659 1161 πρὸς
683 1126 733 1161 τὴν
760 1126 815 1153 τῶν

25 1166 137 1203 ἀνδρῶν
163 1168 265 1197 τούτων
287 1171 447 1207 ἠλιθιότητα
473 1173 633 1207 προπέμπει
647 1172 760 1204 τούτους
777 1173 816 1204 εἰς

23 1212 78 1247 τὴν
94 1213 221 1248 βασιλίδα
234 1217 321 1250 πόλιν,
336 1217 429 1245 ἑστίαν
445 1219 713 1254 ἀποκληρωσάμενος
724 1219 817 1250 αὐτοῖς

22 1260 74 1291 τὰς
95 1261 160 1296 περὶ
171 1261 202 1288 τὸ
219 1262 291 1296 μέγα.
303 1263 437 1290 παλάτιον
448 1265 632 1300 περιδρόμους
645 1266 727 1296 στοᾶς
743 1265 811 1299 (65).

866 256 938 283 tione
953 255 987 282 ab
999 261 1093 282 errore
1110 254 1292 282 deducendos.
1306 253 1396 282 Facile
1411 254 1550 289 principes
1564 259 1647 282 sectae

866 302 947 328 totius
962 305 1041 328 erant
1055 300 1167 331 Culeon.
1181 300 1307 333 Gusinus,
1323 304 1350 327 et
1363 300 1474 332 Pholus,
1491 307 1544 327 non
1561 300 1650 328 solum

866 347 1081 382 pertinacissima
1104 346 1211 382 ingenia
1227 350 1365 380 conceptae
1383 346 1461 373 istius
1485 346 1628 382 pravitatis
1642 366 1649 378 ,

866 402 959 423 verum
977 395 1059 423 etiam
1090 394 1256 421 auctoritate
1285 398 1366 428 atque
1388 392 1494 420 artibus
1520 393 1650 420 instructa

864 441 989 469 otnttibus
1000 441 1060 476 ejus
1075 440 1270 475 persuadendae
1286 439 1532 475 propagandzeque.
1558 439 1650 472 itaque

865 489 892 516 in
911 488 944 515 iis
959 487 1126 523 praecipuum
1147 489 1326 518 momentum,
1358 485 1385 512 in
1412 485 1456 512 his
1479 483 1551 511 haud
1572 483 1653 510 dubie

865 535 898 561 ad
915 540 1072 561 successum
1087 532 1187 568 negotii
1203 532 1286 559 totius
1308 531 1364 566 spei
1380 531 1463 558 cardo
1478 529 1650 558 vertebatur.

866 581 901 607 At
916 580 997 607 iidem
1013 579 1064 606 viri
1081 587 1136 614 pra:
1152 578 1274 610 ca-teris,
1291 581 1321 605 ut
1336 577 1467 610 diximus,
1495 575 1568 603 παῖιί
1584 582 1655 610 prtu-

864 625 992 661 judicatis
1020 624 1202 660 opinionibus,
1219 623 1294 652 surdi
1310 623 1343 650 ad
1361 622 1474 656 monita,
1490 622 1522 648 ad
1539 628 1655 655 persua-

865 671 955 699 siones
971 669 1149 702 adamantini,
1173 669 1237 705 quin
1262 669 1343 697 etiam
1360 668 1387 696 in
1403 668 1475 696 ultro
1497 667 1655 695 lacessendo

867 716 1065 751 lacerandaque
1081 715 1204 744 doctrina
1226 723 1303 748 sana,
1326 713 1433 743 cavillis
1465 712 1609 741 malitiosis
1627 717 1656 740 et

867 761 966 790 astulis
1001 761 1158 797 argntisque
1190 760 1366 796 sophismatis
1406 759 1654 788 calumniosissinte

867 808 989 841 verbosi,
1005 808 1110 843 sperari
1132 807 1176 835 vix
1190 807 1317 835 sinebant
1333 809 1404 842 quod
1420 805 1568 841 optandum
1584 808 1654 832 erat.

866 856 1016 890 Aggressus
1037 854 1214 882 nihilominus
1239 853 1365 882 homines
1388 853 1526 888 Augustus
1551 855 1604 884 est,
1628 853 1656 879 et

867 909 928 929 cum
951 900 985 929 iis
1008 900 1130 935 quotidie
1160 900 1193 927 ad
1227 907 1257 927 se
1282 899 1387 928 vocatis
1421 897 1655 925 concertationem

867 946 986 981 suscepit
1001 953 1092 974 aerem
1117 949 1145 973 et
1162 945 1206 973 ditt
1224 944 1369 979 ancipitem
1387 942 1496 971 obnixis
1516 941 1655 976 utrimque

866 993 964 1021 studiis
977 992 1200 1020 contendentium
1212 999 1220 1017 :
1231 998 1291 1019 cum
1308 990 1456 1025 imperator
1467 988 1575 1024 quidem
1588 986 1655 1014 nihil

868 1037 919 1066 sibi
934 1037 1038 1067 faceret
1053 1036 1149 1071 reliqui
1165 1036 1199 1063 ad
1212 1043 1323 1064 omnem
1352 1043 1445 1062 curam
1466 1040 1657 1068 summumque

869 1088 995 1112 conatum
1015 1082 1195 1118 persuadendi
1214 1081 1328 1116 perditis
1343 1085 1373 1109 ut
1388 1080 1455 1109 salvi
1468 1088 1527 1108 esse
1543 1079 1652 1111 vellent,

866 1129 904 1157 illi
930 1134 1024 1157 contra
1038 1127 1146 1156 stolidis
1160 1127 1296 1155 renisibus
1325 1127 1456 1154 indomita
1469 1125 1654 1154 obstinatione

866 1176 893 1203 in
907 1175 1009 1202 furioso
1022 1182 1081 1202 sese
1098 1173 1211 1201 consilio
1225 1173 1383 1208 respuendae
1400 1173 1496 1200 salutis
1507 1172 1656 1200 obfirman-

866 1226 907 1249 tes
935 1220 999 1248 totis
1026 1219 1220 1247 incumbebant
1248 1219 1352 1247 viribus
1377 1219 1411 1246 ad
1434 1219 1567 1246 funestam
1597 1219 1650 1245 sibi

869 1272 986 1299 vereque
1007 1263 1154 1291 Cadmeam
1179 1263 1321 1291 victoriam
1346 1263 1547 1298 reportandam.
1567 1261 1656 1290 Ferox

21 1313 74 1342 per
88 1313 117 1333 se
132 1308 245 1342 quisque
259 1309 470 1338 additamentum
489 1312 607 1339 audacia.-
620 1312 805 1349 ex\c0nsortio
824 1315 918 1338 mutuo
932 1311 1084 1338 sumebant.
1105 1309 1157 1338 Res
1172 1310 1206 1338 ab
1224 1310 1256 1337 iis
1270 1310 1451 1338 communiter
1483 1315 1512 1336 ut
1541 1317 1557 1336 a
1590 1317 1656 1337 con-

22 1352 194 1385 spirantibus
208 1354 411 1390 conjuratisque
425 1355 586 1391 gerebatur;
604 1365 652 1384 nec
666 1357 812 1385 retundere
831 1356 950 1384 contenti
972 1355 1097 1383 salubres
1114 1356 1286 1390 imperatoris
1301 1356 1381 1388 ictus,
1395 1355 1477 1382 ctiam
1510 1362 1598 1390 usque
1628 1355 1655 1382 in

24 1398 154 1426 fiduciam
171 1400 241 1428 ultro
261 1401 415 1430 incessendi
438 1403 569 1431 tollebant
602 1403 708 1430 animos
741 1403 878 1438 religionis
892 1403 969 1436 juxta
991 1402 1196 1437 maiestatisque
1211 1406 1424 1436 contemptores.
1463 1401 1558 1428 Nullus
1598 1400 1654 1435 jam

22 1445 159 1480 principis
173 1452 324 1482 respectus.
348 1449 456 1476 lrritata
472 1457 557 1484 usque
575 1450 600 1476 in
616 1450 718 1477 rabiem
745 1449 917 1477 contumacia
932 1448 1112 1476 reverentiam
1131 1448 1246 1476 vicerat.
1284 1447 1377 1475 Palam
1409 1448 1435 1474 in
1468 1455 1500 1475 os
1528 1447 1658 1482 procaci-

23 1496 68 1519 ter
87 1491 311 1527 interpellabatur
325 1494 463 1530 Angustus
475 1496 600 1530 loquens,
611 1497 644 1524 ab
658 1497 811 1524 inhumanis
833 1504 886 1524 non
903 1496 995 1523 minus
1010 1503 1090 1530 qttam
1115 1495 1214 1530 impiis,
1233 1495 1279 1529 qui
1292 1494 1365 1522 velut
1383 1494 1409 1521 in
1431 1498 1508 1522 arcu)
1551 1502 1566 1522 a
1604 1500 1654 1521 ve-

25 1539 174 1567 natoribus
199 1540 268 1569 forte
282 1543 442 1577 deprehensi
466 1548 624 1578 spumantes
667 1545 726 1580 apri
760 1544 856 1572 dentes
874 1544 1009 1572 acuebant
1029 1549 1121 1571 mutuo
1133 1549 1162 1572 et
1177 1543 1202 1571 in
1217 1550 1314 1571 omnes
1339 1542 1474 1570 inferendi
1496 1550 1602 1570 morsus
1617 1549 1663 1570 oc—

24 1585 155 1614 casiones
171 1587 320 1618 inhiabant.
335 1589 384 1618 Ubi
402 1590 506 1618 dixerat
519 1590 637 1619 Cusinus
651 1592 723 1625 quod
740 1591 816 1619 furor
854 1594 1029 1627 suggesserat
1056 1591 1089 1617 ad
1115 1590 1321 1618 convellendum
1349 1589 1560 1624 disputationem
1604 1590 1661 1616 Λιι-

25 1633 114 1668 gusti,
142 1633 214 1668 quod
243 1634 288 1662 ille
316 1635 446 1663 omiserat
473 1636 615 1671 supplebat
642 1637 724 1665 Culeo
741 1646 748 1664 :
765 1637 816 1665 hoc
854 1645 964 1672 quoque
980 1637 1040 1672 ipso
1052 1636 1198 1667 exhausto,
1216 1635 1328 1668 Pholus,
1346 1635 1424 1670 quasi
1448 1634 1556 1668 utrique
1596 1643 1659 1662 suc-

24 1681 212 1725 centuriatus,
233 1690 327 1710 recens
353 1691 471 1719 pugnam
498 1685 659 1719 capessebat
677 1693 684 1711 :
703 1685 738 1712 ita
771 1689 817 1712 aut
857 1685 989 1712 adversus
1021 1682 1193 1717 imperatoris
1209 1682 1430 1710 ratiocinationes
1442 1687 1530 1709 certas
1547 1685 1574 1708 et
1592 1682 1661 1715 peti-

27 1727 122 1755 tiones
148 1727 333 1756 ineluctabiles
356 1729 401 1756 alii
427 1737 507 1764 super
531 1731 598 1758 alios
621 1738 681 1758 sese
700 1731 814 1758 invicem
836 1731 1025 1758 inscendentes
1037 1728 1182 1756 resilientis
1209 1728 1366 1763 pertinacia
1399 1726 1496 1754 fluctus
1528 1733 1662 1754 exaestua-

27 1781 102 1803 rent.
136 1777 175 1804 Ac
203 1775 280 1804 facile
295 1777 432 1812 Augustus
455 1778 562 1812 quidem
601 1778 730 1813 quidquid
755 1778 792 1805 illi
826 1778 1003 1806 obtenderent
1028 1775 1148 1803 diﬂlabat
1182 1774 1377 1808 everrchatque
1399 1780 1447 1800 cett
1473 1771 1563 1800 futiles
1595 1780 1659 1800 ara-

33 1831 150 1850 nearmn
169 1823 246 1855 telas,
263 1824 355 1858 sicque
377 1823 593 1851 obstruebatora
607 1824 723 1859 impura.
739 1824 873 1851 Caeterum
888 1823 935 1851 ubi
950 1822 1139 1857 loquacitatem
1169 1819 1223 1847 fuci
1266 1818 1321 1853 iam
1350 1818 1440 1846 omnis
1469 1818 1597 1852 impotem
1631 1819 1658 1845 in

28 1870 172 1897 silentium
185 1869 362 1904 compulerat,
379 1874 433 1896 tota
450 1870 571 1897 restabat
586 1871 612 1897 in
627 1870 703 1898 duris
735 1870 833 1898 animis
873 1868 1038 1903 pervicacia.
1055 1866 1183 1895 dcdoceri
1209 1865 1302 1900 utique
1325 1871 1442 1892 renuens
1458 1871 1566 1891 errores
1579 1864 1662 1891 etiam

29 1917 185 1945 convictos.
201 1917 248 1944 llic
265 1922 395 1950 pertmsus
420 1918 579 1946 stoliditatis
609 1918 748 1945 hominum
766 1919 903 1954 Angustus
916 1917 1011 1945 deduci
1026 1923 1072 1944 eos
1087 1922 1142 1950 pra:
1185 1921 1214 1942 se
1237 1914 1314 1948 jubet
1353 1913 1380 1941 in
1418 1913 1512 1940 urbem
1544 1913 1657 1947 regiam,

29 1966 171 1998 assignato
187 1965 251 1998 ipsis
270 1965 434 1992 habitatione
465 1966 489 1992 in
504 1966 653 2000 porticibus
670 1974 730 2001 quae
745 1968 818 1994 circa
840 1974 966 2001 magnum
985 1964 1118 2000 palatium
1132 1968 1206 1990 sunt.

70 2009 110 2035 Οὐ
141 2009 194 2043 μὴν
216 2009 317 2044 ἄουρος
345 2009 520 2036 παντάπασιν
544 2008 578 2045 ἦν
604 2011 628 2037 ei
645 2011 693 2036 xui.
712 2010 802 2037 τούτω.

930 2011 959 2036 νὶα
980 2011 1005 2036 in
1027 2015 1145 2043 przesens
1164 2007 1237 2034 ﬁnita
1254 2006 1294 2034 vel
1317 2006 1406 2041 potius
1426 2005 1581 2033 intermissa
1601 2013 1662 2033 cum

31 2056 100 2087 τοὺς
115 2055 246 2090 ἀρχαίους
264 2056 361 2090 λόγους
378 2056 417 2091 τῷ
442 2057 512 2088 τέως
526 2057 576 2083 οὐκ
593 2057 738 2092 ἐθήρασεν,
766 2057 824 2085 ἀλλ’

32 2102 145 2137 ἡτιέρις
163 2102 280 2135 exciam;
306 2103 430 2138 προσῆγε
450 2103 520 2137 Θεῷ,
547 2104 614 2130 ὅπου
639 2103 688 2138 μὲν
716 2104 826 2135 ἑκατὸν,

33 2149 106 2174 ὅπου
121 2147 149 2173 δὲ
168 2148 213 2174 καὶ
227 2147 340 2180 πλειους
355 2148 410 2174 τῶν
426 2149 524 2175 ἑκατόν
538 2156 545 2162 ·
562 2149 599 2180 ὡς
618 2149 828 2183 συμποσοῦσθαι

33 2194 104 2224 τούς
133 2202 162 2219 τε
188 2194 450 2228 προτεθηραμένους
470 2195 516 2221 καὶ
538 2194 602 2226 τοὺς
623 2194 670 2222 νῦν
697 2195 749 2221 ὑπὸ
776 2195 827 2229 τῆς

33 2239 138 2265 τούτου
151 2238 275 2274 γλώττης
291 2239 461 2271 ἑαλωκότας,
477 2240 518 2272 εἰς
530 2239 630 2275 μυρίας
642 2240 690 2267 καὶ
703 2239 827 2275 χιλιάδας

33 2284 147 2319 ἀνδρῶν
163 2283 407 2319 πολυαριθμὴτων.
427 2285 483 2311 Καὶ
498 2285 523 2311 τί
537 2285 591 2321 γὰρ
606 2285 647 2311 δεῖ
661 2284 751 2319 λέγειν
780 2285 827 2311 καὶ

34 2329 192 2364 διατρίϐειν
209 2331 272 2364 περὶ
288 2327 325 2356 ὧν
342 2330 359 2365 ὴ
378 2329 510 2365 σύμπασα
536 2331 684 2366 οἰκουμένη
712 2330 828 2357 ἐπίστα-

35 2385 98 2406 :1t,
118 2375 164 2401 ml
193 2377 332 2411 μάρτυρές
353 2377 405 2402 εἰσι
428 2377 475 2403 καὶ
496 2377 624 2412 ’Λνατοὶὴ
650 2378 698 2404 καὶ
724 2377 827 2410 Δὺσιςς

37 2423 140 2453 Πόλεις
156 2422 209 2456 γὰρ
224 2422 288 2449 ὅλας
304 2423 350 2448 καὶ
367 2423 460 2458 χώρας
475 2425 535 2454 ταῖς
552 2423 737 2452 παντοδαπαῖς
755 2424 830 2459 αἱρέ-

36 2477 104 2495 σεσι
123 2468 333 2503 κεκρατημένως
358 2468 536 2504 πολυτρόπως
562 2470 602 2500 εἰς
625 2470 674 2503 τὴν
691 2469 830 2504 ἡμετέραν

35 2513 187 2549 ὀρθόδοξον
215 2514 367 2549 μετήνεγκε
392 2514 497 2541 πίστιν.
524 2515 593 2546 Τοὺς
613 2515 662 2548 μὲν
682 2514 716 2541 τὰ
732 2515 828 2549 πρῶτα

877 2056 919 2083 his
937 2055 1023 2082 tribus
1041 2054 1166 2080 tractatio
1189 2058 1249 2079 t'Sl:
1265 2053 1290 2078 in
1305 2052 1404 2086 quibus
1422 2056 1558 2086 utcunque
1574 2053 1663 2086 perdi-

878 2101 948 2128 disse
962 2100 1092 2127 hactenus
1106 2098 1186 2124 verba
1204 2101 1230 2123 et
1247 2104 1356 2131 operam
1372 2097 1516 2131 Augustus
1526 2097 1598 2124 visus
1611 2102 1664 2130 est,

876 2155 927 2174 non
946 2151 1035 2173 tamen
1053 2144 1146 2171 irritus
1162 2143 1198 2170 illi
1221 2142 1298 2170 labor
1323 2141 1413 2169 omnis
1436 2142 1568 2175 spiritalis
1586 2142 1665 2177 huius

878 2201 910 2222 ac
925 2192 1057 2228 religiosa:
1071 2190 1224 2217 venationis
1248 2189 1339 2225 periit.
1358 2188 1477 2223 Singulis
1490 2188 1590 2216 etenim
1606 2188 1665 2216 die-

877 2240 928 2267 bus
942 2238 1138 2267 reconeiliabat
1157 2237 1211 2264 Deo
1226 2236 1370 2264 haereticos
1387 2235 1520 2263 interdum
1542 2240 1665 2268 centum,

877 2292 1069 2320 nonnunquam
1085 2284 1193 2319 plures;
1210 2283 1277 2310 adco
1293 2288 1333 2315 ut,
1349 2282 1370 2310 si
1383 2283 1443 2317 quis
1456 2290 1537 2309 unam
1551 2282 1577 2308 in
1589 2289 1664 2309 sum-

879 2340 949 2359 mam
967 2331 1090 2360 c0nferat
1104 2335 1157 2357 tam
1173 2337 1219 2357 eos
1240 2324 1285 2364 qui
1301 2329 1385 2364 priori
1409 2329 1521 2364 Augusﬁ
1545 2335 1666 2355 commo-

878 2379 985 2406 ratione
999 2386 1064 2406 voce
1082 2378 1167 2413 ipsius
1182 2384 1213 2404 ae
1231 2376 1321 2410 lingua
1345 2376 1466 2410 persuasi
1485 2375 1666 2410 rcsipucrunt,

879 2433 960 2458 quant
975 2432 1042 2458 quos
1064 2423 1090 2450 in
1112 2423 1199 2450 reditu
1217 2426 1361 2456 resumpta:
1376 2421 1573 2457 disputationes
1591 2421 1666 2456 ejus-

878 2471 939 2497 dem
961 2469 1045 2506 456
1063 2468 1232 2496 deduxerunt
1258 2466 1291 2492 ah
1315 2473 1418 2497 errore,
1442 2466 1521 2493 facile
1541 2465 1568 2492 in
1583 2465 1665 2492 multa

885 2515 967 2542 millia
987 2523 1018 2542 ac
1034 2514 1168 2549 myriadss
1184 2516 1325 2540 excrescat
1338 2519 1477 2538 numerus.
1497 2511 1581 2546 Cujus
1598 2511 1667 2538 allir~

577 2571 677 2602 Varia:
696 2571 848 2602 lectiones
868 2581 906 2602 ex
918 2573 988 2603 cod.
1005 2571 1139 2603 Coislin.

81 2623 92 2639 ³
108 2624 276 2659 συνεκρότει.
315 2627 326 2643 ⁸
341 2624 416 2651 ἄλλο.

586 2668 656 2698 Car.
676 2667 839 2698 Dufresnii
854 2670 902 2699 Du
921 2670 1029 2708 Cangii
1048 2674 1142 2700 nottc.

81 2719 137 2753 (iiii)
158 2719 356 2754 Περιδρόμους
371 2719 474 2752 στοάς.
490 2718 612 2746 Porticus
629 2717 763 2754 palatium
774 2725 813 2743 am

935 2727 1026 2751 itll‘lllll,
1038 2728 1150 2754 quur-unt
1163 2720 1283 2747 meminit
1292 2718 1438 2746 Chrunirmt
1450 2718 1667 2749 .iiexmulriuum,

38 2757 162 2786 inien'cs,
184 2752 210 2781 in
232 2752 329 2788 quibus
344 2755 514 2781 exntbabant
541 2753 694 2788 pneloriani
721 2752 831 2788 milites,

39 2792 78 2817 ad
97 2791 176 2824 regite
191 2794 217 2815 ct
242 2787 417 2824 imperatoris
440 2789 522 2824 ipsius
542 2787 696 2824 ’custodiant
723 2787 832 2819 delecti,

40 2831 114 2859 quas
127 2823 378 2859 eli-gantircarmine
404 2823 549 2857 descripsit
573 2823 717 2857 Corippus,
737 2823 791 2859 lilia
804 2830 832 2849 ιιι

42 2858 83 2887 [)c
101 2859 222 2886 laudibus
237 2858 348 2886 Justini.
364 2859 417 2886 llas
433 2859 503 2886 iuta-r
519 2864 595 2886 erant
610 2858 730 2894 porticus
748 2858 833 2884 Schu-

889 2762 935 2781 an.
950 2754 1049 2781 .Iustin.
1068 2755 1085 2781 5
1100 2763 1106 2787 ;
1123 2756 1244 2781 excubilo
1260 2755 1286 2780 itt
1305 2755 1458 2781 universum
1479 2754 1559 2780 dictu:
1575 2762 1668 2781 omnes

889 2789 1008 2821 Zouarzr,
1024 2788 1043 2816 S
1059 2790 1147 2824 ylitztu
1165 2795 1192 2816 ct
1207 2789 1321 2822 Codino,
1342 2791 1368 2815 in
1385 2789 1458 2823 Orig.
1477 2787 1530 2815 (ΣΙ).
1543 2797 1551 2821 ;
1563 2790 1654 2815 ετειι¹ιὶ

883 2825 963 2857 toria,
978 2823 1080 2851 auctori
1095 2825 1127 2851 dc
1145 2824 1240 2851 exsilio
1257 2824 1284 2850 Ξ.
1303 2825 1409 2851 Martini
1424 2824 1474 2851 ΙΨ.
1492 2823 1556 2851 Vide
1570 2832 1594 2858 p.
1608 2823 1658 2850 ιθι
