1854 3029
29 106 86 141 ll
108 108 148 142 l3
724 109 927 140 ALEXIADIS
945 110 1016 141 LIB.
1036 110 1098 143 XV.
1627 108 1700 142 ll”

30 167 171 201 τηγῶν
191 166 242 202 τὴν
266 167 383 202 μελέτην
404 167 583 202 ποιουμένων,
600 167 628 194 ἐν
649 165 688 201 τῷ
712 175 761 201 μετ

965 167 1037 193 tdum
1054 166 1121 194 satis
1140 170 1241 202 parata:
1263 173 1294 194 ac
1317 166 1483 195 confirmatae
1505 166 1633 202 perﬁdiae.
1657 167 1697 194 Ab

32 212 195 248 σύνηθες
208 212 319 248 ἄλγημα
334 213 387 240 τῶν
400 213 487 240 ποδῶν
500 214 600 248 συνέϐη
615 213 655 248 τῷ
669 213 764 246 αὐτοκι

979 212 1086 240 decreto
1112 217 1181 240 lotus
1206 213 1320 240 vertitur
1333 212 1366 240 ad
1381 213 1472 247 copias
1491 212 1624 247 cogendas
1639 219 1698 246 qum

32 257 121 283 καὶ
133 257 266 292 δυνάμεις
278 257 465 292 ἁπανταχόθεν
477 258 528 293 μὲν
540 258 600 284 συνὲ
605 259 695 293 ῤῥεον,
713 257 762 284 ἀλλ

965 266 984 285 ηο
998 259 1116 286 maximo
1129 267 1232 286 summa
1248 259 1272 286 vi
1289 259 1405 294 gerendo
1420 258 1584 287 suﬂicerent.
1609 258 1697 285 Missis

33 303 214 337 στράγγα,
239 304 287 329 καὶ
310 304 360 330 οὐκ
383 304 491 339 ἀθρόον,
510 304 554 331 διὰ
576 304 606 330 τὸ
631 304 723 339 πόρῤω
744 312 763 330 π

966 311 996 331 ιιι-
1016 305 1050 331 ad
1064 310 1158 340 gentes
1171 305 1274 332 vicinas
1290 304 1443 332 hominibus
1459 304 1586 336 idoneis,.
1600 303 1695 337 partim

36 348 155 382 σφῶν
166 348 235 376 εἶναι
247 350 390 385 πατρίδας.
412 350 444 376 'H
453 350 481 376 δέ
494 358 525 384 γε
541 350 619 385 ὀδύνη
634 350 747 383 ἀπεῖργε
757 357 768 374 τ

949 354 1041 385 rrogal
1053 351 1150 378 auxilia
1163 350 1298 378 sociorum
1310 371 1317 383 ,
1334 350 1432 384 partim
1456 350 1580 377 mercede
1591 349 1679 376 condu

34 393 92 419 οὐ
128 394 179 420 τοῦ
203 396 384 430 προκειμένου
409 396 490 430 μόνου
516 396 636 430 ἅψασθαι
662 393 762 420 σκοποῦ

962 403 985 421 ιιι
1002 396 1125 423 militiam
1141 396 1254 423 advocat
1271 395 1412 430 plurimam
1427 414 1435 428 ,
1452 394 1533 422 simul
1555 395 1694 429 propritnn

38 440 122 467 καὶ
145 440 193 466 τοῦ
214 440 332 476 βαδίζειν
350 441 458 473 ἁπλῶς,
477 441 523 467 καὶ
542 441 673 476 κλινήρης
690 439 727 466 ῶν
744 440 770 474 ἦ)

964 441 1064 468 ιιείιιιιιι
1082 443 1260 476 undecunque
1275 442 1308 469 ad
1325 449 1354 469 se
1369 441 1482 478 colligit.
1502 441 1618 468 Ducibus
1633 447 1696 467 am-

38 485 94 510 οὐ
121 486 252 512 τοσοῦτον
268 487 311 513 διὰ
323 486 371 521 τὴν
383 486 437 512 τῶν
455 487 542 513 ποδῶν
554 485 747 522 περιωδυνίαν,
763 486 770 509 ι

965 495 1009 514 um
1026 487 1141 523 partium
1159 488 1198 516 sic
1217 488 1347 516 adversus
1362 495 1421 515 sese
1440 488 1555 515 invicem
1572 487 1696 521 utrinque

40 529 118 556 διὰ
145 529 194 565 τὴν
217 530 351 564 ἀναϐολὴν
369 530 418 557 τοῦ
437 531 506 557 κατὰ
525 531 578 557 τῶν
601 530 750 565 Βαρϐάρων
769 529 772 554 Ι

965 535 1084 568 antibus,
1101 535 1194 562 revisit
1216 535 1407 570 imperatorem
1429 535 1569 562 familiaris
1599 534 1695 569 pedum

42 575 133 600 (ἱύκ
161 575 289 602 ἐλάνθανε
315 575 401 602 ταῦτα
423 577 469 603 τὸν
491 577 628 611 βάρῦαρον
651 575 774 606 Κλιτζιας

966 588 993 607 or
1010 589 1017 608 :
1036 588 1096 608 eum
1111 588 1165 616 quo
1180 581 1240 608 dum
1261 581 1306 608 ille
1330 580 1513 611 mulliclalur,
1528 580 1698 607 conﬂuebant

46 619 175 647 'EvOsv
202 629 243 647 τοι
266 621 311 647 καὶ
331 622 524 658 ἀμεριμνήσας
544 622 575 649 τὸ
597 622 683 657 παρὸν
693 621 742 656 τὴν
772 620 863 647 Ἀσίαν

44 665 188 692 ἃπασαν
217 666 349 701 ὲληῖζετο,
377 667 491 699 ἑπτάκις
517 667 587 694 κατὰ
612 667 666 693 τῶν
690 666 863 701 Χριστιανῶν

45 709 212 744 ἐκδρομὰς
233 712 437 746 ποιησάμενος·
458 713 505 739 καὶ
525 714 578 747 γὰρ
596 712 657 739 οὐδέ
675 720 739 739 ποτε
757 712 804 738 ἐπὶ
819 720 862 738 το-

48 755 172 782 σοῦτον
189 756 218 783 τὸ
233 757 313 790 ἄλγος
330 758 418 785 έκεῖνο
439 758 484 785 τὸν
506 759 696 794 αὐτοκράτορα
719 758 861 793 κατέσχεν.

58 801 128 828 Ἐκ
144 802 339 838 διαστημάτων
356 805 408 839 γὰρ
427 805 541 840 μακρῶν
558 805 671 840 προτοῦ,
691 805 862 840 ἐπερχομένη

51 848 164 885 τούτῳ
218 852 295 883 νόσος
310 852 340 878 οὺ
359 853 520 888 περιοδικῶς
538 853 567 879 τὺ
591 853 717 888 τηνικάδε
738 853 862 888 ἀπήντη-

54 903 135 928 σεν,
161 896 229 923 ἀλλὰ
249 898 364 934 συνεχὴς
387 897 432 934 ἦν,
460 900 507 926 καὶ
526 899 693 935 ἐπαλλήλους
710 899 774 931 τοὺς
793 908 863 934 παρ-

53 941 212 977 οξυσμοὺς
229 943 326 971 ἐδίδου.
354 945 435 972 Ἀλλὰ
455 945 533 972 τοῦτο
553 946 583 973 τὸ
604 946 691 978 πάρος
713 946 861 982 πρόσχημα

53 987 165 1015 ἐδόκει
179 990 236 1020 τοῖς
252 990 316 1025 περὶ
328 991 373 1017 τὸν
388 991 588 1024 Κλιτζιασολᾶν
601 993 752 1027 νοσήματος
764 993 794 1019 οὒ
811 993 862 1027 μέν

54 1041 112 1059 τοι
133 1033 254 1068 νόσημα,
271 1035 329 1061 ἀλλ’
341 1035 420 1067 ὖκνος
436 1037 484 1063 καὶ
501 1037 621 1072 ῥᾳθυμία
635 1037 734 1070 ἔξωθεν
751 1038 861 1072 1:29th-

55 1077 196 1114 ϐλημένη
217 1080 266 1114 τὴν
283 1080 440 1114 ποδαλγίαν,
461 1082 608 1108 καντεῦθεν
624 1083 710 1110 πολλὰ
729 1083 860 1116 πολλάκις

56 1124 266 1155 ἀπέσκωπτον.
282 1126 334 1153 κάν
344 1128 403 1158 ταῖς
419 1127 515 1161 μέθαις
535 1129 586 1155 κᾶν
598 1129 652 1160 τοῖς
669 1128 761 1160 πότοις
775 1129 860 1155 καθά-

58 1178 126 1204 περ
144 1170 290 1204 αὐτοφυεϊς
316 1172 447 1208 ῥήτορες,
461 1173 604 1208 ἠθοποιίας
623 1175 673 1207 τῆς
696 1174 751 1200 τῶν
771 1174 860 1201 ποδῶν

58 1214 171 1249 ὀδύνης
186 1216 233 1242 τοῦ
245 1217 444 1252 αὐτοκράτορος
456 1220 480 1244 οἱ
494 1219 631 1255 Βάρῆαροι
644 1220 792 1246 ἐποιοῦντο.
807 1220 861 1247 Καὶ

61 1262 223 1297 κωμῳδίας
237 1262 343 1297 ἐγίνετο
359 1265 496 1299 πρόφασις
508 1267 525 1299 ἡ
543 1266 597 1291 τῶν
615 1265 703 1292 ποδῶν
717 1265 842 1301 ἀλγηδών
852 1274 858 1281 ·

61 1308 210 1343 πρόσωπα
222 1308 275 1344 γὰρ
289 1309 390 1344 ἰατρῶν
407 1318 437 1336 τε
454 1311 501 1336 καὶ
514 1311 569 1337 τῶν
585 1313 650 1346 περὶ
666 1314 710 1338 τΡιν
723 1311 861 1346 αὐτοκρά-

61 1362 142 1388 τορα
151 1354 372 1390 διαπονουμὲνων
383 1355 564 1391 ὑποκρίνοιτο,
581 1357 629 1383 καὶ
642 1357 722 1384 αὑτὸν
733 1357 801 1392 δῆτα
815 1358 860 1384 τὸν

64 1400 188 1434 βασιλέα
212 1401 253 1431 εὶς
280 1401 311 1428 τὸ
334 1401 417 1436 μέσον
441 1403 611 1437 παράγοντες
629 1404 676 1430 καὶ
698 1403 860 1438 ἀναθέμενοι

64 1446 119 1471 ἐπὶ
136 1446 232 1477 κλίνης
245 1446 427 1481 προσπαίζειν
437 1447 523 1482 ῷοντο
533 1468 541 1480 ,
559 1449 605 1474 καὶ
618 1449 664 1475 ἐπὶ
676 1449 787 1481 ταύταις
801 1450 860 1480 ταῖς

915 627 1013 653 sensim
1029 631 1056 653 et
1067 627 1144 662 quasi
1163 627 1288 661 guttatim
1317 626 1396 660 iussas
1423 625 1567 653 convenire
1589 625 1698 658 copim:

915 679 964 699 nec
979 680 1069 699 moras
1084 673 1218 707 castigare
1231 673 1294 700 lenti
1311 671 1410 707 negotii
1425 671 1592 698 aut'omnino
1603 678 1699 704 urgere

915 717 1083 753 propositum
1112 718 1208 746 ruorbo
1236 718 1383 752 implicitus
1411 717 1535 748 dilllcili,
1567 724 1600 744 ac
1628 716 1698 750 quod

915 762 1014 796 plantis
1047 763 1172 790 insistere
1209 766 1291 797 atqtte
1325 762 1428 797 ingredi
1465 761 1599 796 nequiret,
1629 761 1699 788 lcclo

916 810 1068 837 necessario
1079 810 1174 838 amvus
1186 810 1252 837 satis
1265 810 1412 844 imperator
1426 812 1540 843 poterat.
1553 807 1697 843 Egritudo

915 862 995 890 porro
1022 856 1226 883 decumbentem
1256 855 1330 882 illum
1354 853 1436 881 animi
1461 853 1601 881 molestior
1617 861 1697 888 quatn

913 901 1034 936 corporis
1046 901 1172 936 angebat.
1188 901 1296 928 llomini
1322 901 1396 927 enim
1419 900 1621 928 studiosissimo
1645 899 1699 927 rei-

913 946 1027 982 publicae
1049 947 1166 975 toleratu
1190 945 1296 974 facilior
1324 946 1402 981 longe
1430 945 1573 973 videbatur
1601 945 1697 980 pedum

914 993 991 1020 dolor
1006 993 1176 1027 quantasvis,
1193 1000 1273 1027 quam
1292 991 1386 1019 dilatio
1397 991 1579 1026 expeditionis
1602 998 1698 1018 ncces-

913 1039 1002 1072 sarizc_
1015 1039 1041 1066 in
1061 1039 1195 1066 Barbaros
1227 1039 1298 1066 bono
1326 1037 1431 1073 publico
1456 1043 1599 1072 susceptae.
1628 1036 1697 1064 Nihil

914 1086 1009 1112 horum
1026 1085 1104 1112 latuit
1119 1084 1351 1112 Clitziasthlanem
1363 1084 1512 1111 Turcorum
1528 1082 1697 1118 principem;

914 1131 1004 1166 itaque
1022 1131 1045 1158 is
1062 1131 1095 1158 al)
1112 1131 1274 1165 imperatore
1301 1129 1408 1157 interim
1439 1136 1562 1161 securus,
1590 1128 1698 1155 ellusis-

912 1179 980 1205 sime
994 1182 1075 1204 totam
1089 1177 1238 1204 latrociniis
1254 1176 1401 1203 inn-stabat
1411 1175 1514 1206 Asiam,
1531 1178 1634 1208 Septem
1649 1181 1697 1208 per

912 1225 937 1251 id
953 1230 1057 1258 tempus
1069 1223 1181 1250 diversis
1194 1223 1220 1249 in
1231 1222 1400 1249 Christianos
1411 1220 1609 1248 incursionibus
1620 1227 1697 1254 gras-

912 1275 996 1297 satus.
1015 1269 1132 1304 Tempus
1158 1269 1216 1302 eius
1233 1268 1320 1294 furori
1350 1267 1432 1294 dabat
1461 1266 1567 1300 longius
1588 1265 1697 1292 morbus

912 1315 1094 1350 imperatoris,
1114 1321 1168 1349 quo
1187 1314 1230 1341 ille
1248 1319 1311 1341 tunc
1335 1313 1452 1340 atrocius
1477 1310 1698 1346 pertinaciusque

912 1368 991 1395 quam
1009 1367 1121 1394 usquam
1143 1359 1210 1386 alias
1229 1363 1347 1386 tentatus
1366 1361 1419 1386 est.
1437 1356 1504 1383 Cum
1517 1358 1588 1384 enim
1601 1364 1633 1384 ex
1654 1356 1697 1383 iu-

912 1406 1030 1434 tervallis
1041 1410 1118 1432 antea
1130 1405 1262 1432 duntaxat
1276 1404 1361 1431 redire
1372 1404 1485 1439 languor
1496 1402 1696 1434 eonsuevisset.

912 1457 976 1479 tunc
990 1451 1048 1478 sine
1064 1449 1262 1477 intermissione
1284 1449 1337 1476 ulla
1355 1449 1485 1478 continuo
1499 1449 1572 1476 illum
1594 1448 1696 1483 adlige-

63 1491 196 1522 παιδιαῖς
205 1492 291 1525 γέλως
303 1493 358 1524 τοῖς
368 1493 518 1529 Βαρϐάροις
534 1495 635 1529 ἐπῆρτο
645 1495 738 1526 πολύς.
752 1494 790 1522 Οὐ

992 1504 1072 1524 sensu
1109 1496 1231 1527 doloris,
1261 1495 1430 1530 augescentis
1466 1495 1576 1530 quidem
1615 1494 1697 1521 certis

65 1539 206 1566 ὲλὰνθανι
221 1539 307 1567 ταῦτα
325 1540 370 1567 τὸν
388 1541 586 1577 αὐτοκράτορα,
604 1543 751 1569 κάντεῦθεν
764 1542 843 1578 ἡρεοί

67 1585 139 1618 ζετο
160 1585 228 1620 πρὸς
249 1586 297 1621 τὴν
318 1586 378 1612 κατ’
391 1586 482 1613 αὐτῶν
503 1587 596 1622 μάχην
612 1587 713 1620 μᾶλλον
725 1587 858 1622 παμφλά-

67 1632 157 1663 ζοντα
168 1631 213 1658 τοῦ
225 1631 324 1666 θυμοῦ.
339 1632 376 1659 Οὐ
392 1633 458 1659 πολὺ
471 1632 501 1659 τὸ
511 1634 540 1659 ὲν
553 1632 627 1668 μέσῳ
639 1633 686 1659 καὶ
701 1633 859 1666 κουφισθεὶς

65 1676 124 1710 τῆς
148 1676 257 1711 ὀδύνης,
278 1677 329 1711 τῆς
352 1677 537 1713 προκειμένης
562 1677 718 1712 ὁδοιπορίας
745 1678 852 1712 εἴχετο·

66 1723 123 1757 τήν
138 1731 167 1748 τε
185 1722 307 1757 Δάμαλιν
323 1723 501 1758 διαπεράσας,
514 1724 559 1751 καὶ¹
573 1724 619 1750 τῖιν
634 1723 789 1758 ἀναμεταξὺ
807 1724 857 1750 Κι-

67 1769 154 1803 6ωτῷ
170 1769 284 1804 αἰγιαλῷ
298 1769 531 1805 διαπλωῖσάμενος
546 1769 678 1805 πορθμὸν,
690 1771 736 1797 καὶ
746 1770 793 1805 τὴν
805 1771 856 1797 Κι-

70 1814 161 1841 ϐωτίν
181 1815 352 1847 καταλαὸὼν,
370 1816 476 1842 ἐκεῖθεν
496 1817 534 1847 είς
551 1816 581 1843 τὸ
597 1817 731 1844 Λοπάδιον
747 1817 857 1850 ἄπεισι,

69 1861 125 1896 τὴν
142 1861 195 1891 τῶν
210 1861 358 1895 ταγμάτων
377 1861 551 1897 ἐκδεχόμενος
566 1863 673 1896 ἄφιξιν,
695 1863 741 1889 καὶ
760 1863 858 1890 ὁπόσον

73 1907 270 1943 μισθοφορικὸν
288 1907 489 1943 μετεπέμπετο.
512 1908 599 1934 Ἐπὰν
616 1908 644 1934 δὲ
663 1908 857 1943 συνεληλύθει-

72 1962 126 1979 σαν
146 1952 282 1984 ἅπαντες,
303 1953 412 1988 ἀπάρας
431 1952 536 1979 ἐκεῖθεν
553 1953 601 1979 σὺν
617 1953 692 1985 ὅλαις
710 1954 858 1989 δυνάμεσι,

71 1998 104 2024 τδ
137 1997 183 2023 τοῦ
211 1998 294 2033 κυροῦ
324 1998 464 2033 Γεωργίου
493 1998 698 2034 καταλαμϐάνει
729 2000 860 2035 φρούριον

71 2044 160 2079 ἀγχοῦ
176 2044 226 2079 τῆς
241 2046 273 2080 τῇ
294 2045 396 2080 Νικαίᾳ
412 2045 604 2081 παρακειμένῃ
621 2045 704 2082 λίμνῃ
718 2046 860 2081 διακείμε-

71 2100 120 2118 νον
132 2099 138 2106 ·
154 2090 270 2118 κακεῖοα
285 2091 304 2108 ¹⁹
319 2092 359 2123 εἰς
373 2091 501 2118 Νίκαιαν.
516 2089 581 2118 Εἶτα
596 2091 639 2118 διὰ
651 2092 735 2127 τριῶν
747 2092 859 2128 ἡμερῶν

72 2135 152 2167 αὖθις
169 2136 334 2172 ὑποστρέφει
353 2137 428 2163 ἐνθεν
447 2137 496 2172 τῆς
512 2146 543 2170 γε
563 2137 608 2163 τοῦ
623 2138 757 2164 Λοπαόίου
774 2138 859 2173 γεφύ-

76 2191 139 2218 ρας,
156 2182 202 2208 καὶ
220 2181 428 2217 στρατοπεδεύει
448 2183 519 2208 κατὰ
536 2181 584 2217 τὴν
599 2183 695 2217 βρύσιν
708 2182 755 2209 τοῦ
773 2192 858 2218 καρυ-

72 2228 145 2254 κέως
168 2228 348 2262 καλουμένην,
374 2227 445 2254 οὕτω
468 2228 546 2261 δόξαν
572 2228 655 2263 αὐτῷ,
685 2229 729 2255 ἵνα
755 2230 786 2255 τὸ
810 2230 858 2265 μὲν

74 2273 233 2308 στράτευμα
254 2273 386 2308 πρότερον
406 2273 448 2299 διὰ
468 2273 517 2307 τῆς
537 2273 659 2308 γεφύρας
678 2274 858 2308 ἱιειόιῦἁσας,

73 2319 103 2344 ἐν
121 2318 253 2353 ἐπικαίρῳ
272 2318 346 2351 τόπῳ
360 2319 410 2348 τὰς
424 2318 525 2353 σκηνὰς
543 2319 678 2353 πήξηται,
695 2318 755 2355 κᾷθ’
773 2320 858 2353 οὕτως

73 2364 124 2390 καὶ
147 2364 225 2394 αὐτὸς
252 2364 266 2389 ὁ
292 2364 471 2399 αὐτοκράτωρ
492 2364 537 2390 διὰ
555 2365 606 2399 τῆς
628 2366 712 2400 αὐτῆς
736 2366 859 2402 γεφύρας

74 2408 185 2436 διελθὼν
205 2409 273 2443 μετὰ
290 2410 388 2440 παντὸς
403 2408 450 2435 τοῦ
472 2410 676 2444 στρατεύματος
690 2411 739 2445 τὴν
756 2411 860 2446 βασιλι-

75 2457 127 2490 κὴν
138 2456 269 2490 καταθείη
284 2458 397 2491 σκηνήν,
413 2457 443 2483 Οί
455 2457 482 2483 δὲ
497 2457 717 2492 μηχανικώτατοι
730 2459 858 2494 Τοῦρκοι,

75 2503 110 2527 τα
124 2502 191 2528 κατᾶ
206 2502 254 2537 τὴν
269 2503 332 2536 περὶ
348 2503 410 2533 τοὺς
424 2503 562 2538 πρόποδας
572 2504 625 2529 τῶν
635 2504 799 2536 Λεντιανῶν,
812 2506 860 2531 καὶ

75 2548 125 2581 τῆς
139 2545 209 2573 οὕτω
226 2547 396 2582 καλουμένης
412 2548 605 2583 Κοτοιραικίας
619 2548 794 2584 διακειμένην
810 2558 859 2575 πε-

78 2592 154 2619 διάδα
171 2593 338 2627 ληϊζόμενοι,
358 2593 420 2620 ἐπεὶ
441 2594 491 2628 τὴν
511 2596 559 2620 τοῦ
582 2595 783 2629 αὑτοκρὰτορος
800 2595 861 2622 κατ’

79 2639 166 2666 σῦτῶν
184 2639 389 2674 μεμαθήκεισαν
404 2640 507 2674 ἔφοδον,
525 2640 773 2674 ἐκδειματιυθέντες
791 2651 862 2677 παρ-

79 2687 192 2716 αυτίκα,
224 2687 342 2721 πυρσοῦς
372 2687 550 2721 παμπόλλους
583 2687 706 2722 ἀνῆψαν,
735 2688 860 2714 ἐντεῦθεν

80 2731 226 2766 omnim;
246 2734 301 2763 τοῖς
323 2733 406 2766 ὁρῶσι
429 2734 559 2768 στρατιᾶς
579 2733 679 2768 πολλῆς
693 2733 859 2768 παρέχοντες

912 1544 1083 1576 accessibus;
1117 1549 1254 1577 nunquam
1288 1546 1378 1568 tamen
1412 1541 1449 1568 ita
1477 1539 1638 1568 remittentis
1669 1544 1698 1567 ut

908 1590 1023 1617 liberum
1037 1588 1168 1619 molestia,
1185 1587 1227 1614 vel
1240 1586 1321 1614 rebus
1334 1587 1457 1614 idoneum
1472 1587 1598 1620 gerendis
1615 1585 1698 1612 relin-

910 1639 1005 1670 queret
1016 1635 1178 1670 Augustnm.
1187 1633 1289 1660 lnterea
1303 1636 1401 1668 pneter
1412 1633 1549 1661 licentiam
1560 1631 1697 1666 pratdandi

909 1681 991 1708 etiam
1008 1679 1150 1707 cavillandi
1162 1686 1255 1706 ansam
1270 1686 1345 1706 mora
1360 1683 1432 1705 tanta
1443 1677 1638 1706 Clitziaslhlani
1650 1678 1698 1705 da-

909 1728 966 1756 bat.
983 1727 1045 1754 llmc
1056 1730 1116 1753 erat
1131 1725 1230 1760 passim
1257 1725 1308 1760 ipsi
1329 1725 1440 1759 ejusque
1469 1724 1565 1752 aulicis
1584 1723 1696 1751 materia

908 1770 1250 1808 sermonum,pr:etendere
1267 1770 1455 1805 imperatorem
1467 1777 1530 1797 vero
1547 1769 1636 1798 timori
1654 1769 1696 1796 fa-

910 1828 981 1848 mam
992 1819 1147 1846 mendacem
1157 1817 1252 1849 morbi,
1264 1823 1344 1851 quem
1354 1817 1414 1844 idco
1421 1816 1560 1844 simularet
1568 1821 1698 1843 ntsocor—

910 1867 961 1895 dia:
979 1871 1059 1900 atque
1072 1865 1185 1901 ignavia:
1199 1863 1337 1891 infamiam
1356 1862 1541 1896 lucrifacerct;
1568 1867 1649 1897 atque
1667 1862 1696 1890 in

910 1920 969 1941 eam
984 1911 1145 1939 sententiam
1159 1911 1241 1938 multa
1262 1910 1332 1938 salse
1346 1909 1414 1937 inter
1423 1908 1528 1943 patinas
1544 1908 1697 1943 calicesque

909 1959 989 1995 ἀει
1003 1957 1173 1991 iocabantur,
1191 1956 1269 1983 faceti
1288 1955 1410 1982 homines
1425 1954 1560 1984 videlicet.
1579 1961 1611 1981 ac
1625 1953 1698 1981 velut

910 2003 1109 2038 extemporanci
1128 2002 1249 2029 rhetores
1266 2001 1408 2035 exquisitis
1430 2000 1523 2035 ﬁguris
1551 1999 1696 2035 podagram

912 2048 1084 2084 imperatoris
1110 2046 1293 2074 celebrabanl.
1323 2046 1391 2078 Quin
1415 2046 1496 2072 etiam
1522 2045 1610 2072 scenis
1635 2052 1695 2072 eam

913 2094 1014 2121 dabant
1037 2095 1223 2126 argumentum
1239 2091 1346 2118 fabulae.
1363 2090 1585 2117 Producehantur
1603 2096 1697 2123 perso-

913 2141 966 2167 nati
1004 2139 1121 2171 medici,
1155 2138 1294 2173 longasque
1332 2137 1449 2171 ipsorum
1484 2135 1697 2163 consultationes

911 2187 943 2214 de
968 2185 1137 2220 imperatoris
1164 2184 1276 2215 morbo,
1301 2187 1356 2210 tttm
1373 2182 1593 2209 administrorum
1618 2180 1697 2208 fami-

908 2230 1014 2258 liarium
1033 2228 1161 2263 obsequia
1175 2227 1208 2254 ad
1224 2227 1358 2254 theatrum
1376 2227 1426 2254 sub
1437 2226 1510 2253 larva
1523 2225 1696 2259 lutlebentnr;

907 2284 958 2303 nec
985 2277 1078 2302 deerat
1104 2275 1160 2309 ipse
1189 2273 1330 2300 simulatus
1357 2272 1505 2307 imperator
1531 2278 1592 2299 cum
1625 2270 1696 2298 lecto

908 2322 1000 2350 illatus
1021 2321 1047 2348 iu
1078 2319 1196 2348 medium
1221 2323 1248 2346 et
1271 2319 1325 2345 risu
1345 2317 1540 2353 procacissime
1557 2317 1697 2344 traductus

909 2367 1051 2395 otiantimn
1076 2366 1270 2393 Barbarorum.
1297 2363 1496 2391 ﬁel‘erebantur
1511 2362 1544 2389 ad
1572 2361 1694 2390 Alexium

909 2414 966 2441 tunc
982 2413 1038 2447 ipsa
1050 2432 1056 2443 ,
1071 2410 1329 2444 exsuscilabantque
1349 2417 1457 2444 gravem
1476 2409 1561 2443 ipsius
1584 2409 1652 2435 iram
1667 2411 1696 2435 et

908 2459 1080 2493 cupiditatem
1096 2457 1281 2484 vehementem
1296 2454 1460 2482 ulciscenda:
1472 2461 1553 2487 quam
1578 2454 1693 2488 primum

909 2505 966 2531 acri
983 2512 1070 2538 pugna
1097 2501 1278 2530 contnmelim.
1296 2500 1388 2527 Rediit
1413 2500 1557 2533 aliquando
1571 2499 1696 2526 valetudo

910 2551 1004 2577 melior
1026 2548 1144 2583 expetita
1160 2546 1250 2573 tandiu
1267 2565 1275 2579 ,
1303 2550 1349 2572 aut
1364 2549 1437 2572 certe
1463 2545 1499 2572 ita
1523 2552 1552 2572 se
1565 2543 1696 2571 relaxavit

911 2595 997 2626 dolor,
1012 2598 1041 2620 ut
1064 2592 1202 2628 proposito
1232 2591 1323 2618 itineri
1348 2591 1477 2617 mandare
1503 2596 1533 2617 se
1557 2589 1695 2624 Augustus

910 2644 1011 2675 posset.
1025 2639 1150 2672 Traiecto
1162 2637 1242 2672 igitur
1259 2635 1397 2669 Bosphoro
1412 2643 1444 2662 ac
1459 2636 1517 2661 sinu
1533 2634 1603 2669 quod
1617 2633 1691 2660 illinc

912 2686 1036 2714 Cibotum
1059 2688 1131 2711 recta
1158 2681 1279 2716 pergenti
1308 2679 1544 2708 transmittendum
1561 2678 1692 2712 occurrit,

913 2730 1110 2762 lransfrelalo;
1137 2727 1288 2761 castrisque
1309 2726 1397 2755 obiter
1421 2726 1448 2754 in
1471 2726 1529 2760 ipso
1543 2725 1589 2754 illo
1605 2724 1695 2752 littore

609 2793 710 2824 Varize
733 2793 886 2824 lectiones
903 2802 942 2824 ex
958 2793 1031 2825 cod.
1048 2789 1180 2821 Coislin.

115 2830 133 2846 '°
154 2830 291 2858 xixziOw.
