1854 3029
157 94 229 127 1119
808 97 891 127 ΛΝΝΔ

1041 95 1124 126 EN/E
1727 89 1806 125 1120

156 151 264 184 penitus
279 151 399 179 abditum
423 152 605 186 penetralibus
627 151 778 183 continuit,
811 152 882 179 nulla

1041 149 1192 185 οκρὰτορος
1208 146 1333 180 ἄκουσα,’
1347 147 1395 174 καὶ
1417 147 1508 174 πυκνὰ
1538 145 1799 182 περιστρεφομὲνη

157 202 242 229 usque
264 195 288 222 in
303 204 407 230 vocem,
430 202 534 231 gestum
569 202 698 224 nutumve
722 197 803 224 ullum
826 198 891 231 tropi

1039 196 1063 227 ὃς
1078 196 1182 222 ἐκεῖνον
1209 195 1257 221 καὶ
1279 194 1356 228 θαμὰ
1379 193 1613 228 προσϐλέπουσα·
1639 193 1724 228 ὅμως
1750 194 1802 227 μέν

159 239 239 267 tionis
259 241 357 268 indicia
373 243 523 276 prodierint
538 251 546 275 ;
564 242 627 277 quin
646 243 737 277 potius
750 243 825 270 vultu
843 243 891 270 fret

1066 241 1229 268 συντείνασα
1254 240 1355 275 ἑαυτὴν
1374 239 1423 266 καὶ
1448 238 1504 266 οἷον
1520 239 1685 269 τονὼσασα,
1718 239 1801 273 prin;

158 292 210 318 que
235 293 266 313 ac
281 291 350 314 statu
366 287 488 322 corporis
503 287 694 314 firmitudinem
715 287 819 314 virilem
846 293 944 314 erecta:

160 331 257 357 mentis
295 336 323 358 et
357 339 449 359 veram
478 333 655 360 imitationem
688 333 758 360 illius
789 332 902 360 laudata:
929 340 944 359 a

160 375 303 404 Sdomoue
343 377 419 404 fortis
458 378 578 405 mulieris
618 378 835 406 exhibuitznon
866 378 946 406 deco-

163 420 245 447 lorari
270 421 371 456 pallore
392 422 475 451 facies
489 443 497 456 ,
519 431 571 450 non
598 424 709 451 horrere
724 428 817 456 artus;
840 423 935 456 fletus,

161 464 278 499 eiulatus
301 468 405 502 nullus;
421 469 486 496 nihil
510 469 637 504 pra-ferre
662 469 778 503 denique
802 469 943 501 muliebre,

162 517 208 539 aut
235 513 393 548 cujusquam
412 514 501 542 simile
517 515 623 542 illormn
636 523 695 549 quae
713 515 794 541 multa
818 514 943 541 imbecilli

995 287 1139 322 ὲπηλλάγη
1159 287 1207 313 τοῦ
1230 287 1374 322 βασιλέως,
1404 286 1533 312 κάκεῖθεν
1550 285 1708 312 καταὸᾶσα
1732 286 1803 319 πρὸς

995 333 1146 366 θάλασσαν,
1166 332 1284 358 κᾶπειτα
1298 332 1338 362 εἰς
1352 332 1382 357 τὸ
1399 332 1460 362 ταῖς
1482 330 1622 365 βασιλίσιν
1655 331 1800 356 ἀποτετα-

999 378 1101 413 γμένον
1112 378 1229 413 μονῆρες
1241 377 1442 412 εἰσεληλυῦυἶα,
1456 377 1507 412 τὴν
1519 377 1600 411 ἠϊόνα
1613 376 1666 410 τῆς
1677 375 1803 401 Βιθυνῶν

999 423 1209 458 παραπλέουσα,
1227 423 1372 449 Οαλαττῑου
1387 423 1523 453 κλύδωνος
1535 422 1625 456 αὐτὴν
1638 421 1803 454 κατασχόν-

998 478 1053 501 τος,
1067 470 1127 500 ταῖς
1143 469 1240 500 ἀκταῖς
1260 469 1309 502 τῆς
1332 469 1545 499 Ἐλενουπόλεως
1558 468 1610 502 τὴν
1632 466 1706 493 ναῦν
1718 474 1803 500 προτε-

1015 515 1164 551 ορμὶσασα,
1180 515 1251 542 κεῖθι
1266 516 1334 547 τέως
1350 515 1502 547 αὐλίζεται.

161 560 300 595 emotiquc
315 562 396 588 animi
411 564 489 590 edere
511 563 538 589 in
555 563 774 590 consternatione
787 582 795 594 ,
827 563 859 588 ad
887 563 977 597 magni
1012 569 1112 590 metum
1135 563 1262 590 instantis
1278 563 1339 590 mali
1355 563 1481 590 mulieres
1496 561 1646 589 cernimus.
1679 560 1730 587 Ille
1748 560 1804 594 ipse

160 605 238 635 adeo.
254 609 329 640 cujus
344 613 400 634 erat
415 607 441 634 in
457 607 547 635 cordis
559 608 739 642 penetralibus
752 607 801 634 sibi
820 608 939 639 conscia,
961 607 1047 635 latens
1068 613 1172 640 metus,
1198 613 1224 635 et
1249 608 1379 635 rationem
1401 608 1495 634 habuit
1519 612 1545 634 et
1571 607 1719 634 ordinem.
1757 606 1803 633 Ti-

161 651 250 678 mebat
267 651 569 687 imperatori.primum
598 660 698 687 nequa
715 660 793 683 eum.
810 652 874 679 nihil
912 652 1094 686 periculorum
1120 656 1302 686 reensantem,
1331 653 1428 680 Martis
1457 653 1530 680 dubii
1562 653 1678 680 fortuna
1714 653 1803 680 incle-

161 697 277 724 meulior
292 698 439 732 afﬂigeret;
458 699 569 727 timebat
585 699 636 727 sibi
645 699 752 731 deinde,
768 699 836 726 maia
851 698 995 734 providens
1009 707 1086 733 quat,
1100 700 1123 726 si
1137 699 1201 734 quid
1242 700 1399 728 humanitus
1432 699 1490 726 viro
1522 700 1707 734 contigisset,
1739 702 1803 727 sub-

163 743 249 769 eunda
269 744 500 772 monstrabantur.
514 745 622 772 Timore
637 749 724 772 tamen
741 749 854 778 utroque
869 744 963 771 virtuti
980 748 1036 771 tum
1054 745 1224 778 exsuperanti
1259 745 1440 777 concedente,
1465 745 1523 772 vale
1547 745 1676 780 Augusto
1713 746 1782 772 dixit
1794 770 1801 782 ,

161 789 241 824 plane
255 790 296 818 sui
325 798 446 826 compos,
475 799 524 819 nec
552 792 689 827 indignum
714 792 756 819 vel
789 791 835 818 tali
859 791 973 818 articulo
1005 798 1083 826 passa
1110 792 1255 827 quidquam
1282 793 1463 827 generositate
1488 792 1607 827 propria.
1635 792 1705 819 Mox
1731 793 1800 819 viam

163 844 329 870 capessens.
355 845 433 872 quam
473 837 557 866 invita
585 840 724 865 recederet
762 838 796 865 ab
821 838 983 872 imperatore
1002 837 1115 865 subinde
1143 843 1302 873 respectans
1329 838 1494 866 declarabat.
1526 838 1666 872 Pergebat
1712 844 1802 865 tamen

163 884 307 917 semetipsa
350 885 514 916 obiirmans,
539 885 642 919 judicio
667 892 719 911 non
741 884 825 911 amori
852 884 942 911 minus
976 891 1056 918 quant
1073 883 1160 911 timori
1183 884 1348 912 moderante.
1382 884 1449 912 llinc
1474 884 1552 911 simul
1575 884 1610 911 ad
1637 892 1722 911 mare
1758 884 1803 912 de-

163 930 278 962 scendit,
305 930 439 965 propriam
455 930 633 964 Augustarum
649 938 786 958 monerem
803 930 943 964 ingressa,
963 936 1040 956 oram
1063 928 1238 965 Bithynorum
1262 930 1344 966 legit:
1378 930 1475 958 debiuc
1504 935 1669 965 tempestate
1706 931 1803 965 depre-

164 976 257 1008 hensa,
274 976 428 1011 ilclenopoli
443 985 538 1005 navem
551 977 664 1013 appulit,
679 977 770 1013 ibique
782 977 891 1004 mansit.

201 1023 254 1051 Sed
283 1025 315 1052 de
356 1024 476 1059 Augusta
517 1026 657 1053 hactenus.
692 1025 842 1060 Imperator
883 1026 985 1054 veroB

165 1076 225 1096 cum
241 1071 362 1105 cognatis
390 1075 417 1098 et
446 1071 608 1108 militaribus
638 1071 703 1098 viris
736 1071 871 1105 primariis
902 1072 947 1106 qui

165 1122 225 1142 cum
250 1115 309 1149 ipso
325 1122 412 1148 erant,
429 1117 519 1144 statim
550 1118 575 1144 in
602 1118 686 1145 armis
696 1117 789 1153 ζῆ.θᾷ
817 1118 902 1150 stetit,
921 1122 948 1145 et

167 1162 244 1195 cquis
270 1169 363 1189 omnes
398 1164 562 1196 conscensis,
583 1163 699 1191 Nicaeam
728 1171 822 1191 versus
846 1164 949 1191 inibant

165 1207 245 1234 \iam.
280 1207 306 1233 id
339 1208 381 1235 ubi
410 1214 593 1242 cognoverunt
623 1210 743 1242 Barbari,
769 1210 855 1237 Alano
879 1218 949 1245 quo-

165 1251 226 1278 dam
260 1259 338 1286 quem
383 1259 510 1288 ceperant
552 1255 721 1289 imperatoris
768 1260 861 1282 contra
902 1264 949 1284 ve-

169 1297 268 1325 nientis
294 1299 454 1327 instructum
489 1301 671 1336 impetumque
708 1302 773 1336 ipsis
798 1303 949 1336 nuntiante,

170 1351 222 1370 non
251 1345 438 1372 sustinuerunt
465 1346 505 1373 vel
533 1345 629 1373 famam
662 1347 720 1382 ejus
749 1348 874 1382 primam,
904 1348 951 1376 sed

170 1388 265 1416 iisdem
296 1390 393 1423 quibus
424 1392 570 1419 veniebant
599 1392 703 1420 seruilis
721 1412 729 1424 ,
757 1394 842 1421 versis
871 1393 951 1428 impi-

171 1442 218 1467 gre
252 1436 370 1470 vestigiis
400 1436 468 1472 fugm
503 1445 532 1464 se
565 1438 736 1466 mandarunt.
773 1440 812 1467 Ae
838 1439 951 1467 Strabo-

169 1481 286 1508 basileus
310 1486 337 1509 et
356 1481 467 1510 fdichael
489 1482 616 1518 Stypeota
636 1483 804 1519 (Slypeotam
824 1485 868 1512 hic
889 1485 952 1520 quis

170 1527 283 1554 audiens
298 1535 333 1555 ne
357 1527 433 1555 illum
455 1528 594 1564 hybridam
615 1530 734 1564 cogitet;
751 1538 812 1557 nam
829 1531 853 1558 is
873 1531 952 1565 hujus

170 1573 322 1607 cmptitium
357 1574 520 1608 mancipium
557 1582 618 1602 eum
654 1574 761 1608 fuisset,
794 1576 951 1611 imperatori

171 1618 269 1646 deinde
298 1619 368 1646 dono
396 1619 485 1652 datus,
516 1620 616 1655 prioris
643 1621 742 1648 domini
770 1623 902 1650 vocabulo
919 1623 952 1651 ad

170 1664 263 1698 gratim
274 1666 430 1691 memoriam
443 1664 586 1700 insignitus
600 1667 665 1702 est),
676 1666 814 1702 Stypcota,
830 1668 952 1702 inquam,

168 1717 183 1735 e
200 1717 313 1737 numero
331 1716 498 1746 magnatum,
512 1712 563 1739 viri
583 1713 663 1740 ambo
677 1713 831 1746 fortissimi,
848 1718 873 1740 et
888 1714 952 1741 olim

169 1755 240 1782 fama
272 1756 379 1784 virtutis
409 1757 549 1789 celebres,
570 1766 632 1785 cum
663 1758 733 1786 forte
753 1763 809 1786 tum
839 1760 864 1786 in
880 1760 953 1795 iugis

171 1801 341 1831 Germiorum
369 1809 549 1837 morarentur,
562 1805 643 1832 calles
672 1810 802 1840 angustos
815 1811 841 1833 et
864 1807 955 1834 devios

170 1849 304 1876 transitus
318 1854 468 1880 servantes.
485 1855 525 1882 ut,
543 1850 565 1877 si
583 1857 635 1884 qua
661 1855 779 1884 possent,
794 1852 867 1879 velut
881 1851 954 1879 feras

170 1893 303 1925 cassibus,
320 1894 361 1920 sic
382 1893 515 1921 Barbaros
542 1894 648 1922 insidiis
670 1896 952 1930 comprehenderent:

170 1938 250 1964 simul
264 1939 334 1965 hunc
350 1945 444 1965 eorum
461 1940 578 1966 reditum
597 1947 759 1974 cognovere,
775 1940 800 1966 in
816 1941 954 1975 subjectos

169 1991 280 2018 campos
294 1984 459 2017 desilientes,
474 1993 536 2012 acre
550 1985 585 2012 ibi
597 1994 656 2013 cum
668 1986 734 2021 ipsis
752 1987 871 2020 praelium
886 1995 954 2015 con-

170 2034 274 2061 serunt,
290 2030 454 2065 eosdemque
474 2032 582 2066 egregie
596 2032 719 2059 vincunt.
734 2033 843 2060 interim
865 2033 954 2067 impe-

170 2077 350 2104 ratoritinere
366 2076 474 2111 incepto
489 2085 612 2112 pergens.
629 2079 662 2105 ad
677 2079 773 2112 sapius
788 2079 952 2106 nominatam

171 2121 279 2158 Georgii
311 2130 401 2150 arcem
424 2124 567 2156 pervenit;
597 2124 661 2151 hinc
682 2124 752 2152 ultra
768 2125 793 2152 in
817 2125 952 2160 quoddam

169 2168 299 2203 oppidum
327 2169 481 2204 (Sagudaos
512 2170 645 2204 indigena:
671 2171 781 2205 vocant)
795 2179 953 2205 progressus

170 2222 204 2241 ne
221 2214 257 2241 ibi
277 2215 384 2248 quidem
399 2214 504 2242 Turcos
532 2216 645 2248 reperit.
673 2216 806 2243 Cat-terum
824 2224 885 2244 mox
908 2225 954 2244 ac-

170 2264 249 2294 cepto
267 2260 361 2287 nuntio
377 2260 524 2295 splendidae
539 2261 661 2288 victoriae.
675 2269 691 2288 a
709 2262 775 2289 viris
797 2262 954 2290 fortissimis

170 2313 240 2340 quos
269 2307 348 2332 modo
378 2306 526 2339 nominavi,
552 2305 681 2342 Stypeota
704 2312 731 2334 et
756 2307 952 2340 Strabobasile,

1039 1022 1121 1049 Ἀλλὰ
1149 1020 1237 1051 ταῦτα
1252 1022 1302 1056 μὲν
1323 1021 1358 1048 τὰ
1372 1021 1435 1056 περὶ
1451 1021 1501 1055 τὴν
1522 1021 1703 1054 Δῦγοῦσταν.
1730 1021 1761 1047 '0
1775 1021 1801 1047 δὲ

1000 1069 1181 1104 αὐτοκράτωρ
1197 1067 1268 1102 μετὰ
1284 1068 1339 1094 τῶν
1355 1067 1489 1094 συνόντων
1505 1066 1693 1099 στρατιωτῶν
1705 1074 1737 1092 τε
1755 1067 1801 1092 καὶ

1000 1115 1141 1150 συγγενῶν
1158 1114 1240 1146 εὐθὺς
1264 1114 1310 1141 ὲπὶ
1323 1114 1380 1145 τοῖς
1394 1113 1489 1144 ὅπλοις
1506 1110 1551 1148 ἦν,
1577 1113 1627 1138 καὶ
1641 1112 1677 1147 δὴ
1695 1112 1799 1146 ἐποιη-

1000 1162 1093 1193 οέντες
1115 1162 1246 1193 ἅπαντες,
1273 1160 1322 1195 τὴν
1338 1159 1407 1193 πρὸς
1431 1159 1551 1185 Νίκαιαν
1580 1158 1702 1185 ὥδευον.
1728 1158 1798 1184 Οξδὲ

1000 1208 1139 1243 Βάρὸαροι
1172 1207 1284 1232 ’Λλανόν
1307 1214 1367 1231 τινα
1394 1204 1580 1238 κατασχόντες
1599 1204 1651 1230 καὶ
1672 1204 1729 1239 τὴν
1751 1203 1795 1229 τνιῦ

1002 1252 1134 1288 βασιλέως
1151 1251 1212 1278 κατ’
1225 1250 1317 1277 αὐτῶν
1333 1249 1428 1284 ἔφοδον
1440 1249 1473 1275 δι’
1488 1249 1570 1275 αὑτοῦ
1585 1249 1795 1284 μεμαθηκότες,

1001 1298 1035 1325 δι’
1049 1296 1086 1325 ὧν
1098 1295 1179 1333 ἦλθον
1193 1297 1336 1331 ἀτραπῶν,
1348 1296 1393 1323 διὰ
1408 1295 1512 1322 τούτων
1540 1296 1707 1331 ἐπανῄεσαν
1737 1296 1796 1330 φεύ-

1001 1353 1104 1379 γοντες.
1129 1344 1158 1371 '0
1174 1344 1201 1371 δέ
1234 1352 1266 1378 γε
1296 1342 1544 1377 Στραὸοόασίλειος
1570 1343 1619 1368 καὶ
1653 1342 1794 1376 Μιχαὴλὸ

1002 1389 1178 1424 Στυπειώτης
1214 1388 1400 1423 (Στυπειώτην
1426 1388 1455 1414 δὲ
1482 1388 1591 1414 ἀκούων
1620 1396 1664 1418 τις
1693 1388 1733 1422 μὴ
1754 1388 1794 1413 τὸν

1005 1435 1208 1472 μιξοὸάρῦαρον
1237 1435 1356 1462 νοείτω’
1387 1434 1584 1470 ἀργυρώνητος
1612 1435 1670 1469 γὰρ
1700 1434 1792 1461 τούτω

1003 1484 1106 1514 ἐκεῖνος
1122 1482 1216 1514 δοῦλος
1232 1481 1364 1517 γεγονὼς,
1381 1481 1408 1513 ἐς
1428 1481 1541 1516 ὕστερον
1562 1481 1602 1515 τῷ
1633 1481 1745 1515 βασιλεῖ
1760 1482 1792 1512 ὡς

1003 1529 1089 1564 δῶρόν
1100 1537 1126 1555 τι
1143 1528 1212 1562 πρὸς
1227 1528 1309 1555 αὐτὸν
1329 1527 1549 1563 προσενήνεκται
1561 1534 1569 1541 ·
1583 1526 1655 1553 ἀλλά
1665 1535 1731 1552 τινα
1744 1527 1792 1552 τῶν

1003 1574 1054 1607 τῆς
1068 1572 1192 1608 μείζονος
1203 1572 1312 1606 τύχης),
1325 1572 1422 1607 ἄνδρες
1435 1568 1509 1598 οὗτοι
1526 1570 1736 1606 μαχιμώτατοι,
1750 1572 1791 1597 καὶ

1004 1619 1059 1645 τῶν
1072 1619 1156 1645 πάλαι
1174 1618 1368 1652 ὑμνουμένων,
1387 1615 1461 1644 οὗτοι
1475 1618 1547 1644 κατὰ
1562 1618 1613 1648 τὰς
1622 1618 1791 1652 bipalme!“

1004 1664 1057 1691 τῶν
1081 1664 1208 1699 Γερμίων
1235 1663 1466 1697 ὲνδιατρίῦοντες,
1497 1664 1544 1690 καὶ
1568 1662 1620 1693 τὰς
1651 1664 1791 1698 ἀμφάδους

1006 1709 1262 1745 παρασκοποῡντες,
1284 1709 1362 1735 εἵπου
1372 1710 1432 1740 ταῖς
1451 1708 1569 1744 ἄρκυσιν
1579 1708 1685 1741 αὐτῶν,
1711 1709 1791 1735 καθὰ-

1004 1764 1058 1791 περ
1072 1763 1113 1786 τις
1139 1755 1210 1789 Οῆρα
1223 1755 1247 1781 οἱ
1269 1754 1412 1789 Βάρδαροι
1428 1755 1628 1789 περιπεσόντες
1646 1754 1737 1790 ἁλῷεν
1757 1754 1791 1786 ὡς

1003 1801 1054 1834 τὴν
1065 1800 1168 1827 τούτων
1186 1800 1293 1826 ἕλευσιν
1319 1801 1538 1835 μεμαθήκεισαν,
1568 1800 1646 1835 παρά
1671 1801 1723 1831 τὰς
1747 1809 1791 1826 πε-

1005 1847 1100 1879 διάδας
1126 1847 1175 1878 τὰς
1207 1846 1278 1873 οὕτω
1305 1847 1478 1881 καλουμένας
1515 1865 1524 1874 .
1564 1866 1572 1874 .
1611 1865 1619 1874 .
1661 1867 1669 1874 .
1717 1847 1790 1873 ἀνελ-

1005 1892 1099 1924 θόντες
1114 1893 1163 1920 καὶ
1176 1891 1374 1927 ἀναδεξάμενοι
1397 1892 1442 1917 τὸν
1473 1891 1532 1926 μετ’
1551 1891 1645 1918 αὐτῶν
1662 1892 1788 1926 πόλεμον,

1005 1939 1097 1974 μάχην
1112 1938 1313 1974 συνεστήσαντο
1327 1937 1465 1972 καρτερὰν
1486 1938 1661 1972 ἡττήσαντες
1678 1937 1787 1969 τούτους

1007 1986 1193 2020 κατακράτος.
1215 1984 1385 2011 Καταλαϐὼν
1405 1984 1433 2010 δὲ
1452 1984 1466 2009 ὁ
1481 1984 1664 2019 αὐτοκράτωρ
1682 1983 1714 2009 τὺ
1732 1984 1789 2010 πολι

1003 2032 1083 2063 λάκις
1097 2031 1246 2066 εἰρημένον
1260 2031 1389 2066 φρούριον
1400 2031 1551 2066 Γεωργῑου,
1567 2031 1702 2056 κακεῖθεν
1718 2030 1787 2060 abiit;

1004 2077 1163 2112 κωμόπολιν
1180 2086 1241 2104 τινα
1255 2076 1427 2110 Σαγουδάους
1457 2076 1598 2111 ὲγχωρίως
1619 2076 1786 2110 καλουμένην

1003 2124 1051 2150 καὶ
1075 2124 1132 2154 τοῖς
1155 2123 1290 2158 Τούρκοις
1323 2121 1372 2156 μὲν
1399 2122 1435 2157 μὴ
1461 2121 1595 2156 ἐντυχὼν,
1624 2121 1786 2157 μεμαθηκιζ

1002 2169 1031 2196 δὲ
1059 2169 1095 2195 τὰ
1120 2169 1264 2203 συμϐάντα
1283 2168 1391 2200 τούτοις
1413 2168 1488 2202 παρὰ
1508 2167 1565 2192 τῶν
1586 2166 1639 2201 ἤδη
1655 2166 1784 2201 ῥηθέντων

1002 2214 1136 2249 γενναίων
1161 2214 1276 2249 ἀνδρῶν,
1288 2213 1336 2241 τοῦ
1354 2223 1384 2240 τε
1400 2212 1585 2243 Στυπειὼτου,
1603 2213 1654 2238 καὶ
1674 2213 1697 2227 ¹¹
1708 2212 1784 2246 Στρα-

1004 2261 1145 2288 ὖοόασίλει
1170 2261 1253 2296 φημὶ.
1272 2261 1320 2287 καὶ
1347 2258 1549 2294 ἀποδεξάμενος
1575 2258 1628 2293 τὴν
1653 2259 1682 2291 ἐξ
1713 2257 1784 2284 αὑτοῦ

1004 2306 1091 2341 ἀρχῆς
1122 2305 1226 2340 τόλμαν
1241 2305 1290 2332 καὶ
1328 2304 1408 2339 νίκην
1440 2304 1495 2329 τῶν
1528 2302 1686 2337 Ῥωμαίων,
1722 2307 1786 2336 qva:

171 2351 274 2383 relaue,
295 2351 364 2378 vallo
382 2351 481 2379 ibidem
493 2357 569 2379 extra
589 2352 614 2379 id
628 2353 699 2386 quod
716 2353 770 2380 dixi
785 2353 891 2380 castello

1039 2351 1120 2378 ιῦταὸ
1133 2350 1218 2377 αὑτοῦ
1232 2358 1284 2376 που
1304 2350 1406 2383 ἔξωθεν
1424 2348 1532 2376 τουτουῖ
1552 2348 1601 2375 τοῦ
1622 2349 1782 2375 Kac-uilici:

172 2395 237 2428 fixo,
255 2397 408 2431 castristh
424 2397 543 2429 metatis,
557 2404 617 2424 cum
632 2398 789 2425 exsultante
807 2399 894 2426 milite
908 2399 953 2426 lae-

172 2446 215 2468 tus
229 2442 286 2476 ipse
312 2449 344 2468 ac
363 2441 503 2476 gratulans
530 2442 645 2469 fructmn
672 2451 815 2471 successus
831 2446 955 2478 auspica-

174 2491 270 2518 tissimi
292 2491 423 2525 gustarit,
436 2492 560 2518 meritam
579 2491 638 2526 ejus
650 2491 781 2520 facinoris
796 2492 954 2519 auctoribus

173 2545 225 2564 non
238 2545 318 2571 parce
336 2537 446 2564 laudem
463 2537 789 2573 impertiensgpalamque
804 2538 932 2572 profitens
946 2547 952 2565 :

175 2583 216 2611 sic
232 2583 331 2610 abillis
345 2591 358 2609 a
378 2583 512 2618 principio
527 2584 560 2610 ad
581 2584 683 2611 exitum
706 2592 760 2611 rem
782 2584 956 2611 administra-

175 2633 228 2655 tam
244 2634 443 2664 patratumque,
456 2634 484 2656 ut
496 2637 556 2656 eum
571 2637 658 2665 neque
669 2630 783 2658 consilio
798 2630 954 2665 prudentia,

175 2682 263 2710 neque
293 2675 459 2709 aggressioni
490 2675 628 2710 fortitudo,
658 2684 706 2704 nec
740 2676 832 2711 prmlio
855 2677 954 2710 virtus,

1001 2399 1047 2425 τὸν
1064 2398 1174 2433 χάρακα
1190 2397 1335 2431 πήγνυται.
1348 2396 1388 2430 Τῇ
1412 2395 1441 2422 δὲ
1466 2396 1526 2429 μετ’
1539 2395 1628 2429 αὐτὴν
1654 2394 1695 2426 ὡς
1717 2397 1782 2428 παρὰ

1001 2445 1050 2480 τὴν
1067 2443 1256 2470 Ἑλευούπολιν
1271 2441 1418 2472 κατελθὼν,
1429 2442 1463 2479 τῇ
1480 2440 1595 2476 βασιλίδι
1608 2441 1778 2475 ἐντετυχήκει

1003 2491 1044 2518 ἔτι
1059 2489 1228 2524 αὑλιζομένῃ
1249 2488 1295 2514 διὰ
1309 2487 1339 2514 τὸ
1361 2487 1411 2522 τῆς
1428 2487 1562 2520 θαλάττης
1581 2486 1712 2513 ἄπλετον.
1726 2488 1782 2519 Διη-

1003 2537 1162 2572 γησάμενος
1177 2534 1224 2561 οὖν
1241 2534 1275 2561 τὰ
1291 2533 1436 2569 συμϐάντα
1453 2534 1509 2564 τοῖς
1534 2533 1680 2566 Τούρκοις.
1698 2532 1782 2563 καλῶς

1004 2583 1084 2616 νίκης
1109 2580 1310 2616 ἐπιθυμοῦντες
1341 2579 1470 2614 συμφορὰ
1498 2578 1716 2614 προσεπέλασεν,
1743 2578 1781 2603 καὶ

1005 2629 1120 2665 κρατεῖν
1142 2626 1345 2662 φανταζόμενοι
1363 2624 1464 2660 μᾶλλον
1481 2624 1682 2658 κεκράτηνται,
1705 2624 1747 2649 καὶ
1762 2623 1780 2648 τ’

1007 2673 1120 2701 ἀναντία
1134 2672 1187 2699 τῶν
1206 2670 1451 2706 προσδοκηθέντων
1468 2669 1638 2705 ὲφεύροσαν,
1667 2670 1715 2696 καὶ
1740 2667 1780 2699 τῆς

701 2743 801 2774 Varias
816 2742 965 2774 lectiones
982 2749 1020 2773 ex
1040 2739 1109 2772 cod.
1126 2738 1259 2769 Coislin.

216 2803 236 2818 ”
251 2804 295 2828 καὶ
312 2804 367 2830 τοῦ.
