  <div class='ocr_page' id='page_1' title='image "/cluster/home/n/w/nwhite01/storage/ocr_20150623/131/njp.32101077773073/644.png"; bbox 0 0 1854 3029; ppageno 0'>
   <div class='ocr_carea' id='block_1_1' title="bbox 62 80 1087 116">
    <p class='ocr_par' dir='ltr' id='par_1_1' title="bbox 62 80 1087 116">
     <span class='ocr_line' id='line_1_1' title="bbox 62 80 1087 116; baseline 0.003 -3"><span class='ocrx_word' id='word_1_1' title='bbox 62 80 84 112; x_wconf 77' lang='lat' dir='ltr'>l</span> <span class='ocrx_word' id='word_1_2' title='bbox 104 83 153 114; x_wconf 69' lang='lat'><strong>121</strong></span> <span class='ocrx_word' id='word_1_3' title='bbox 701 85 908 116; x_wconf 72' lang='lat' dir='ltr'><strong>ALEXIADIS</strong></span> <span class='ocrx_word' id='word_1_4' title='bbox 929 85 1002 115; x_wconf 81' lang='lat' dir='ltr'><strong>LIB.</strong></span> <span class='ocrx_word' id='word_1_5' title='bbox 1024 86 1087 116; x_wconf 80' lang='lat' dir='ltr'><strong>XV.</strong></span> 
     </span>
    </p>
   </div>
   <div class='ocr_carea' id='block_1_2' title="bbox 60 139 868 178">
    <p class='ocr_par' dir='ltr' id='par_1_2' title="bbox 60 139 868 178">
     <span class='ocr_line' id='line_1_2' title="bbox 60 139 868 178; baseline 0.005 -14"><span class='ocrx_word' id='word_1_6' title='bbox 60 139 188 174; x_wconf 73' lang='grc' dir='ltr'>πολλῆς</span> <span class='ocrx_word' id='word_1_7' title='bbox 205 139 327 175; x_wconf 79' lang='grc' dir='ltr'><strong>ἀθυμίας</strong></span> <span class='ocrx_word' id='word_1_8' title='bbox 342 141 569 177; x_wconf 78' lang='grc' dir='ltr'>ἀνακτησάμενος</span> <span class='ocrx_word' id='word_1_9' title='bbox 594 142 690 178; x_wconf 73' lang='grc' dir='ltr'>αὑτὴν,</span> <span class='ocrx_word' id='word_1_10' title='bbox 705 143 816 170; x_wconf 78' lang='grc' dir='ltr'><strong>ἄπεισιν</strong></span> <span class='ocrx_word' id='word_1_11' title='bbox 837 142 868 173; x_wconf 69' lang='grc' dir='ltr'><strong>ὼε</strong></span> 
     </span>
    </p>
   </div>
   <div class='ocr_carea' id='block_1_3' title="bbox 955 139 1710 178">
    <p class='ocr_par' dir='ltr' id='par_1_3' title="bbox 955 141 1710 176">
     <span class='ocr_line' id='line_1_3' title="bbox 955 141 1710 176; baseline 0 -8"><span class='ocrx_word' id='word_1_12' title='bbox 955 149 978 168; x_wconf 90' lang='lat' dir='ltr'><strong>-c</strong></span> <span class='ocrx_word' id='word_1_13' title='bbox 992 143 1103 169; x_wconf 85' lang='lat' dir='ltr'><strong>conatui</strong></span> <span class='ocrx_word' id='word_1_14' title='bbox 1120 141 1236 169; x_wconf 74' lang='lat' dir='ltr'><strong>felicitas</strong></span> <span class='ocrx_word' id='word_1_15' title='bbox 1249 141 1378 174; x_wconf 76' lang='lat' dir='ltr'><strong>defuerit,</strong></span> <span class='ocrx_word' id='word_1_16' title='bbox 1398 148 1451 168; x_wconf 91' lang='lat' dir='ltr'><strong>non</strong></span> <span class='ocrx_word' id='word_1_17' title='bbox 1468 142 1553 175; x_wconf 83' lang='lat' dir='ltr'><strong>magis</strong></span> <span class='ocrx_word' id='word_1_18' title='bbox 1565 142 1598 168; x_wconf 85' lang='lat' dir='ltr'><strong>ad</strong></span> <span class='ocrx_word' id='word_1_19' title='bbox 1618 143 1710 176; x_wconf 84' lang='lat' dir='ltr'><strong>priva-</strong></span> 
     </span>
    </p>
   </div>
   <div class='ocr_carea' id='block_1_4' title="bbox 70 185 868 222">
    <p class='ocr_par' dir='ltr' id='par_1_4' title="bbox 70 185 307 218">
     <span class='ocr_line' id='line_1_4' title="bbox 70 185 307 218; baseline 0.017 -9"><span class='ocrx_word' id='word_1_20' title='bbox 70 187 161 218; x_wconf 76' lang='grc' dir='ltr'>πρὸς</span> <span class='ocrx_word' id='word_1_21' title='bbox 178 185 307 214; x_wconf 82' lang='grc' dir='ltr'>Νίκαιαν.</span> 
     </span>
    </p>
   </div>
   <div class='ocr_carea' id='block_1_5' title="bbox 955 185 1710 222">
    <p class='ocr_par' dir='ltr' id='par_1_5' title="bbox 958 187 1710 222">
     <span class='ocr_line' id='line_1_5' title="bbox 958 187 1710 222; baseline -0.001 -8"><span class='ocrx_word' id='word_1_22' title='bbox 958 197 992 215; x_wconf 86' lang='lat' dir='ltr'><strong>nn</strong></span> <span class='ocrx_word' id='word_1_23' title='bbox 1007 189 1125 222; x_wconf 86' lang='lat' dir='ltr'><strong>ipsorum</strong></span> <span class='ocrx_word' id='word_1_24' title='bbox 1147 188 1323 222; x_wconf 65' lang='lat' dir='ltr'><strong>pra‘couiunt,</strong></span> <span class='ocrx_word' id='word_1_25' title='bbox 1339 195 1419 222; x_wconf 84' lang='lat' dir='ltr'><strong>quam</strong></span> <span class='ocrx_word' id='word_1_26' title='bbox 1445 188 1477 213; x_wconf 88' lang='lat' dir='ltr'><strong>ad</strong></span> <span class='ocrx_word' id='word_1_27' title='bbox 1493 187 1626 221; x_wconf 86' lang='lat' dir='ltr'><strong>publicum</strong></span> <span class='ocrx_word' id='word_1_28' title='bbox 1643 194 1710 221; x_wconf 74' lang='lat' dir='ltr'><strong>gau-</strong></span> 
     </span>
    </p>
   </div>
   <div class='ocr_carea' id='block_1_6' title="bbox 60 232 1709 272">
    <p class='ocr_par' dir='ltr' id='par_1_6' title="bbox 60 232 1709 272">
     <span class='ocr_line' id='line_1_6' title="bbox 60 232 1709 272; baseline 0.002 -15"><span class='ocrx_word' id='word_1_29' title='bbox 60 232 158 258; x_wconf 69' lang='lat' dir='ltr'><strong>(iiunt</strong></span> <span class='ocrx_word' id='word_1_30' title='bbox 183 233 331 267; x_wconf 79' lang='lat' dir='ltr'><strong>quidquam</strong></span> <span class='ocrx_word' id='word_1_31' title='bbox 350 234 384 261; x_wconf 91' lang='lat' dir='ltr'><strong>sit</strong></span> <span class='ocrx_word' id='word_1_32' title='bbox 398 234 593 267; x_wconf 78' lang='lat' dir='ltr'><strong>desideratum,</strong></span> <span class='ocrx_word' id='word_1_33' title='bbox 610 234 700 262; x_wconf 80' lang='lat' dir='ltr'><strong>Movet</strong></span> <span class='ocrx_word' id='word_1_34' title='bbox 730 235 806 263; x_wconf 87' lang='lat' dir='ltr'><strong>illinc.</strong></span> <span class='ocrx_word' id='word_1_35' title='bbox 820 237 951 272; x_wconf 78' lang='lat' dir='ltr'><strong>postridie</strong></span> <span class='ocrx_word' id='word_1_36' title='bbox 968 243 1063 262; x_wconf 89' lang='lat' dir='ltr'><strong>versus</strong></span> <span class='ocrx_word' id='word_1_37' title='bbox 1097 234 1293 269; x_wconf 84' lang='lat' dir='ltr'><strong>Helenopolim,</strong></span> <span class='ocrx_word' id='word_1_38' title='bbox 1328 234 1373 260; x_wconf 93' lang='lat' dir='ltr'><strong>ubi</strong></span> <span class='ocrx_word' id='word_1_39' title='bbox 1403 234 1552 268; x_wconf 79' lang='lat' dir='ltr'><strong>Augustam</strong></span> <span class='ocrx_word' id='word_1_40' title='bbox 1587 241 1709 260; x_wconf 88' lang='lat' dir='ltr'><strong>commo-</strong></span> 
     </span>
    </p>
   </div>
   <div class='ocr_carea' id='block_1_7' title="bbox 62 278 1708 318">
    <p class='ocr_par' dir='ltr' id='par_1_7' title="bbox 62 278 1708 318">
     <span class='ocr_line' id='line_1_7' title="bbox 62 278 1708 318; baseline 0.002 -14"><span class='ocrx_word' id='word_1_41' title='bbox 62 278 286 312; x_wconf 76' lang='lat' dir='ltr'><strong>duntolfeudit,</strong></span> <span class='ocrx_word' id='word_1_42' title='bbox 323 281 386 307; x_wconf 87' lang='lat' dir='ltr'><strong>dum</strong></span> <span class='ocrx_word' id='word_1_43' title='bbox 419 288 493 307; x_wconf 89' lang='lat' dir='ltr'><strong>tuare</strong></span> <span class='ocrx_word' id='word_1_44' title='bbox 524 281 722 309; x_wconf 81' lang='lat' dir='ltr'><strong>detumesceret</strong></span> <span class='ocrx_word' id='word_1_45' title='bbox 746 283 782 311; x_wconf 85' lang='lat' dir='ltr'><strong>ibi</strong></span> <span class='ocrx_word' id='word_1_46' title='bbox 818 284 906 311; x_wconf 86' lang='lat' dir='ltr'><strong>adhuc</strong></span> <span class='ocrx_word' id='word_1_47' title='bbox 925 287 1138 318; x_wconf 78' lang='lat' dir='ltr'><strong>exspectantem.</strong></span> <span class='ocrx_word' id='word_1_48' title='bbox 1163 280 1193 308; x_wconf 88' lang='lat' dir='ltr'><strong>Ei</strong></span> <span class='ocrx_word' id='word_1_49' title='bbox 1223 288 1276 308; x_wconf 92' lang='lat' dir='ltr'><strong>non</strong></span> <span class='ocrx_word' id='word_1_50' title='bbox 1296 288 1390 314; x_wconf 89' lang='lat' dir='ltr'><strong>parum</strong></span> <span class='ocrx_word' id='word_1_51' title='bbox 1413 280 1501 307; x_wconf 77' lang='lat' dir='ltr'><strong>anxia:</strong></span> <span class='ocrx_word' id='word_1_52' title='bbox 1523 288 1571 314; x_wconf 84' lang='lat' dir='ltr'><strong>pro</strong></span> <span class='ocrx_word' id='word_1_53' title='bbox 1587 281 1708 314; x_wconf 87' lang='lat' dir='ltr'><strong>periculo</strong></span> 
     </span>
    </p>
   </div>
   <div class='ocr_carea' id='block_1_8' title="bbox 64 324 1705 361">
    <p class='ocr_par' dir='ltr' id='par_1_8' title="bbox 64 324 1705 361">
     <span class='ocr_line' id='line_1_8' title="bbox 64 324 1705 361; baseline 0.002 -11"><span class='ocrx_word' id='word_1_54' title='bbox 64 324 77 350; x_wconf 80' lang='grc' dir='ltr'><strong>ἰ</strong></span> <span class='ocrx_word' id='word_1_55' title='bbox 89 333 109 351; x_wconf 85' lang='grc' dir='ltr'><strong>ιι</strong></span> <span class='ocrx_word' id='word_1_56' title='bbox 126 332 182 359; x_wconf 92' lang='lat' dir='ltr'><strong>quo</strong></span> <span class='ocrx_word' id='word_1_57' title='bbox 207 325 294 351; x_wconf 88' lang='lat' dir='ltr'><strong>virum</strong></span> <span class='ocrx_word' id='word_1_58' title='bbox 326 331 409 360; x_wconf 88' lang='lat' dir='ltr'><strong>atque</strong></span> <span class='ocrx_word' id='word_1_59' title='bbox 423 327 574 353; x_wconf 73' lang='lat' dir='ltr'><strong>exercitum</strong></span> <span class='ocrx_word' id='word_1_60' title='bbox 591 326 749 361; x_wconf 87' lang='lat' dir='ltr'><strong>reliquerat,</strong></span> <span class='ocrx_word' id='word_1_61' title='bbox 771 336 874 356; x_wconf 72' lang='lat' dir='ltr'><strong>mmror</strong></span> <span class='ocrx_word' id='word_1_62' title='bbox 893 328 1020 356; x_wconf 73' lang='lat' dir='ltr'><strong>videlicet</strong></span> <span class='ocrx_word' id='word_1_63' title='bbox 1037 327 1178 354; x_wconf 87' lang='lat' dir='ltr'><strong>abstersus</strong></span> <span class='ocrx_word' id='word_1_64' title='bbox 1201 325 1289 352; x_wconf 88' lang='lat' dir='ltr'><strong>omnis</strong></span> <span class='ocrx_word' id='word_1_65' title='bbox 1304 329 1356 357; x_wconf 82' lang='lat' dir='ltr'><strong>est,</strong></span> <span class='ocrx_word' id='word_1_66' title='bbox 1374 332 1436 351; x_wconf 87' lang='lat' dir='ltr'><strong>cum</strong></span> <span class='ocrx_word' id='word_1_67' title='bbox 1460 325 1570 352; x_wconf 89' lang='lat' dir='ltr'><strong>nutttius</strong></span> <span class='ocrx_word' id='word_1_68' title='bbox 1600 332 1647 358; x_wconf 88' lang='lat' dir='ltr'><strong>per</strong></span> <span class='ocrx_word' id='word_1_69' title='bbox 1675 333 1705 353; x_wconf 85' lang='lat' dir='ltr'><strong>se</strong></span> 
     </span>
    </p>
   </div>
   <div class='ocr_carea' id='block_1_9' title="bbox 61 369 1710 405">
    <p class='ocr_par' dir='ltr' id='par_1_9' title="bbox 61 369 1710 405">
     <span class='ocr_line' id='line_1_9' title="bbox 61 369 1710 405; baseline 0.002 -9"><span class='ocrx_word' id='word_1_70' title='bbox 61 369 242 397; x_wconf 65' lang='lat' dir='ltr'><strong>latissimus</strong></span> <span class='ocrx_word' id='word_1_71' title='bbox 271 372 350 397; x_wconf 58' lang='lat' dir='ltr'><strong>vit-ta}</strong></span> <span class='ocrx_word' id='word_1_72' title='bbox 370 371 488 398; x_wconf 86' lang='lat' dir='ltr'><strong>feritatis</strong></span> <span class='ocrx_word' id='word_1_73' title='bbox 504 371 637 405; x_wconf 74' lang='lat' dir='ltr'><strong>Turcicm,</strong></span> <span class='ocrx_word' id='word_1_74' title='bbox 656 373 689 400; x_wconf 89' lang='lat' dir='ltr'><strong>ab</strong></span> <span class='ocrx_word' id='word_1_75' title='bbox 722 382 775 401; x_wconf 91' lang='lat' dir='ltr'><strong>uno</strong></span> <span class='ocrx_word' id='word_1_76' title='bbox 806 375 905 402; x_wconf 88' lang='lat' dir='ltr'><strong>idoneo</strong></span> <span class='ocrx_word' id='word_1_77' title='bbox 921 375 1040 402; x_wconf 79' lang='lat' dir='ltr'><strong>maxime</strong></span> <span class='ocrx_word' id='word_1_78' title='bbox 1054 373 1172 400; x_wconf 90' lang='lat' dir='ltr'><strong>omnium</strong></span> <span class='ocrx_word' id='word_1_79' title='bbox 1196 371 1230 399; x_wconf 88' lang='lat' dir='ltr'><strong>ad</strong></span> <span class='ocrx_word' id='word_1_80' title='bbox 1253 371 1447 399; x_wconf 78' lang='lat' dir='ltr'><strong>consolandam</strong></span> <span class='ocrx_word' id='word_1_81' title='bbox 1474 378 1571 405; x_wconf 63' lang='lat' dir='ltr'><strong>aegram</strong></span> <span class='ocrx_word' id='word_1_82' title='bbox 1598 377 1710 399; x_wconf 87' lang='lat' dir='ltr'><strong>auctore</strong></span> 
     </span>
    </p>
   </div>
   <div class='ocr_carea' id='block_1_10' title="bbox 62 414 1708 455">
    <p class='ocr_par' dir='ltr' id='par_1_10' title="bbox 62 414 1708 455">
     <span class='ocr_line' id='line_1_10' title="bbox 62 414 1708 455; baseline 0.001 -14"><span class='ocrx_word' id='word_1_83' title='bbox 62 414 247 442; x_wconf 79' lang='lat' dir='ltr'><strong>deferretur.</strong></span> <span class='ocrx_word' id='word_1_84' title='bbox 266 415 395 443; x_wconf 77' lang='lat' dir='ltr'><strong>Narravit</strong></span> <span class='ocrx_word' id='word_1_85' title='bbox 413 424 504 444; x_wconf 88' lang='lat' dir='ltr'><strong>coram</strong></span> <span class='ocrx_word' id='word_1_86' title='bbox 523 418 573 451; x_wconf 86' lang='lat' dir='ltr'><strong>ipsi</strong></span> <span class='ocrx_word' id='word_1_87' title='bbox 591 419 720 445; x_wconf 87' lang='lat' dir='ltr'><strong>nimirum</strong></span> <span class='ocrx_word' id='word_1_88' title='bbox 732 419 870 453; x_wconf 75' lang='lat' dir='ltr'><strong>Augustus</strong></span> <span class='ocrx_word' id='word_1_89' title='bbox 889 419 953 455; x_wconf 90' lang='lat' dir='ltr'><strong>quid</strong></span> <span class='ocrx_word' id='word_1_90' title='bbox 972 418 1072 445; x_wconf 86' lang='lat' dir='ltr'><strong>Turcis</strong></span> <span class='ocrx_word' id='word_1_91' title='bbox 1084 416 1222 444; x_wconf 81' lang='lat' dir='ltr'><strong>evenisset</strong></span> <span class='ocrx_word' id='word_1_92' title='bbox 1247 415 1313 448; x_wconf 87' lang='lat' dir='ltr'><strong>illis,</strong></span> <span class='ocrx_word' id='word_1_93' title='bbox 1341 420 1436 443; x_wconf 87' lang='lat' dir='ltr'><strong>contra</strong></span> <span class='ocrx_word' id='word_1_94' title='bbox 1448 423 1477 443; x_wconf 85' lang='lat' dir='ltr'><strong>se</strong></span> <span class='ocrx_word' id='word_1_95' title='bbox 1510 415 1708 443; x_wconf 86' lang='lat' dir='ltr'><strong>nudiustertius</strong></span> 
     </span>
    </p>
   </div>
   <div class='ocr_carea' id='block_1_11' title="bbox 62 462 1710 500">
    <p class='ocr_par' dir='ltr' id='par_1_11' title="bbox 62 462 1710 500">
     <span class='ocr_line' id='line_1_11' title="bbox 62 462 1710 500; baseline 0.002 -13"><span class='ocrx_word' id='word_1_96' title='bbox 62 466 159 488; x_wconf 79' lang='lat' dir='ltr'><strong>lauta</strong></span> <span class='ocrx_word' id='word_1_97' title='bbox 176 462 272 489; x_wconf 87' lang='lat' dir='ltr'><strong>tiducia</strong></span> <span class='ocrx_word' id='word_1_98' title='bbox 299 463 474 496; x_wconf 79' lang='lat' dir='ltr'><strong>pergentibus</strong></span> <span class='ocrx_word' id='word_1_99' title='bbox 493 473 500 490; x_wconf 96' lang='lat'>:</span> <span class='ocrx_word' id='word_1_100' title='bbox 521 469 548 490; x_wconf 88' lang='grc' dir='ltr'><strong>ιιι</strong></span> <span class='ocrx_word' id='word_1_101' title='bbox 563 470 616 491; x_wconf 91' lang='lat' dir='ltr'><strong>tum</strong></span> <span class='ocrx_word' id='word_1_102' title='bbox 641 464 790 493; x_wconf 65' lang='lat' dir='ltr'><strong>foedissime</strong></span> <span class='ocrx_word' id='word_1_103' title='bbox 807 465 861 493; x_wconf 91' lang='lat' dir='ltr'><strong>sint</strong></span> <span class='ocrx_word' id='word_1_104' title='bbox 880 465 1011 500; x_wconf 83' lang='lat' dir='ltr'><strong>prolapsi,</strong></span> <span class='ocrx_word' id='word_1_105' title='bbox 1028 472 1089 492; x_wconf 92' lang='lat' dir='ltr'><strong>cum</strong></span> <span class='ocrx_word' id='word_1_106' title='bbox 1115 463 1348 491; x_wconf 79' lang='lat' dir='ltr'><strong>confidentissime</strong></span> <span class='ocrx_word' id='word_1_107' title='bbox 1376 468 1563 497; x_wconf 66' lang='lat' dir='ltr'><strong>assurgeret“,</strong></span> <span class='ocrx_word' id='word_1_108' title='bbox 1596 468 1624 490; x_wconf 85' lang='lat' dir='ltr'><strong>et</strong></span> <span class='ocrx_word' id='word_1_109' title='bbox 1660 470 1710 496; x_wconf 89' lang='lat' dir='ltr'><strong>pro</strong></span> 
     </span>
    </p>
   </div>
   <div class='ocr_carea' id='block_1_12' title="bbox 63 508 1709 546">
    <p class='ocr_par' dir='ltr' id='par_1_12' title="bbox 63 508 1709 546">
     <span class='ocr_line' id='line_1_12' title="bbox 63 508 1709 546; baseline 0.002 -13"><span class='ocrx_word' id='word_1_110' title='bbox 63 508 197 535; x_wconf 78' lang='lat' dir='ltr'><strong>\ictoria</strong></span> <span class='ocrx_word' id='word_1_111' title='bbox 219 517 301 543; x_wconf 87' lang='lat' dir='ltr'><strong>quant</strong></span> <span class='ocrx_word' id='word_1_112' title='bbox 319 509 370 536; x_wconf 87' lang='lat' dir='ltr'><strong>sibi</strong></span> <span class='ocrx_word' id='word_1_113' title='bbox 394 510 549 538; x_wconf 83' lang='lat' dir='ltr'><strong>vanissitnis</strong></span> <span class='ocrx_word' id='word_1_114' title='bbox 574 511 782 546; x_wconf 72' lang='lat' dir='ltr'><strong>despondissent</strong></span> <span class='ocrx_word' id='word_1_115' title='bbox 812 513 923 546; x_wconf 79' lang='lat' dir='ltr'><strong>spebus,</strong></span> <span class='ocrx_word' id='word_1_116' title='bbox 963 510 1135 546; x_wconf 86' lang='lat' dir='ltr'><strong>improvisatu</strong></span> <span class='ocrx_word' id='word_1_117' title='bbox 1160 510 1265 539; x_wconf 85' lang='lat' dir='ltr'><strong>cladem</strong></span> <span class='ocrx_word' id='word_1_118' title='bbox 1291 510 1468 537; x_wconf 60' lang='lat' dir='ltr'><strong>invenis&gt;ent.</strong></span> <span class='ocrx_word' id='word_1_119' title='bbox 1505 508 1546 535; x_wconf 86' lang='lat' dir='ltr'><strong>Ab</strong></span> <span class='ocrx_word' id='word_1_120' title='bbox 1577 508 1618 536; x_wconf 85' lang='lat' dir='ltr'><strong>his</strong></span> <span class='ocrx_word' id='word_1_121' title='bbox 1651 514 1709 536; x_wconf 82' lang='lat' dir='ltr'><strong>sta-</strong></span> 
     </span>
    </p>
   </div>
   <div class='ocr_carea' id='block_1_13' title="bbox 1642 85 1710 117">
    <p class='ocr_par' dir='ltr' id='par_1_13' title="bbox 1642 85 1710 117">
     <span class='ocr_line' id='line_1_13' title="bbox 1642 85 1710 117; baseline 0.015 -1"><span class='ocrx_word' id='word_1_122' title='bbox 1642 85 1710 117; x_wconf 72' lang='lat'><strong>1122</strong></span> 
     </span>
    </p>
   </div>
   <div class='ocr_carea' id='block_1_14' title="bbox 62 555 1670 590">
    <p class='ocr_par' dir='ltr' id='par_1_14' title="bbox 62 555 1670 590">
     <span class='ocr_line' id='line_1_14' title="bbox 62 555 1670 590; baseline 0.001 -10"><span class='ocrx_word' id='word_1_123' title='bbox 62 555 128 581; x_wconf 82' lang='grc' dir='ltr'>ιίηι</span> <span class='ocrx_word' id='word_1_124' title='bbox 142 555 203 582; x_wconf 84' lang='lat' dir='ltr'><strong>inde</strong></span> <span class='ocrx_word' id='word_1_125' title='bbox 226 555 342 582; x_wconf 68' lang='lat' dir='ltr'><strong>Nicaeam</strong></span> <span class='ocrx_word' id='word_1_126' title='bbox 358 563 388 582; x_wconf 89' lang='lat' dir='ltr'><strong>se</strong></span> <span class='ocrx_word' id='word_1_127' title='bbox 398 556 514 583; x_wconf 79' lang='lat' dir='ltr'><strong>confert.</strong></span> <span class='ocrx_word' id='word_1_128' title='bbox 537 557 575 584; x_wconf 86' lang='lat' dir='ltr'><strong>Ibi</strong></span> <span class='ocrx_word' id='word_1_129' title='bbox 590 557 677 584; x_wconf 81' lang='lat' dir='ltr'><strong>factus</strong></span> <span class='ocrx_word' id='word_1_130' title='bbox 699 559 799 585; x_wconf 87' lang='lat' dir='ltr'><strong>certior</strong></span> <span class='ocrx_word' id='word_1_131' title='bbox 814 558 848 585; x_wconf 89' lang='lat' dir='ltr'><strong>de</strong></span> <span class='ocrx_word' id='word_1_132' title='bbox 867 558 951 586; x_wconf 80' lang='lat' dir='ltr'><strong>altera</strong></span> <span class='ocrx_word' id='word_1_133' title='bbox 973 557 1128 584; x_wconf 85' lang='lat' dir='ltr'><strong>incursione</strong></span> <span class='ocrx_word' id='word_1_134' title='bbox 1143 556 1292 583; x_wconf 88' lang='lat' dir='ltr'><strong>Turcormn</strong></span> <span class='ocrx_word' id='word_1_135' title='bbox 1310 555 1457 589; x_wconf 87' lang='lat' dir='ltr'><strong>Lopadium</strong></span> <span class='ocrx_word' id='word_1_136' title='bbox 1477 555 1670 590; x_wconf 70' lang='lat' dir='ltr'><strong>proficiscitur.</strong></span> 
     </span>
    </p>
   </div>
   <div class='ocr_carea' id='block_1_15' title="bbox 121 601 868 640">
    <p class='ocr_par' dir='ltr' id='par_1_15' title="bbox 121 601 868 640">
     <span class='ocr_line' id='line_1_15' title="bbox 121 601 868 640; baseline 0.007 -13"><span class='ocrx_word' id='word_1_137' title='bbox 121 601 228 628; x_wconf 72' lang='grc' dir='ltr'>Ἐκείσε</span> <span class='ocrx_word' id='word_1_138' title='bbox 255 601 282 627; x_wconf 72' lang='grc' dir='ltr'>δὲ</span> <span class='ocrx_word' id='word_1_139' title='bbox 301 602 396 636; x_wconf 74' lang='grc' dir='ltr'>ἔφοδον</span> <span class='ocrx_word' id='word_1_140' title='bbox 422 603 524 638; x_wconf 77' lang='grc' dir='ltr'>ἐτέρων</span> <span class='ocrx_word' id='word_1_141' title='bbox 541 604 710 640; x_wconf 84' lang='grc' dir='ltr'>μεμαθηκὼς</span> <span class='ocrx_word' id='word_1_142' title='bbox 726 605 868 640; x_wconf 71' lang='grc' dir='ltr'>Τοῦρκων,</span> 
     </span>
    </p>
   </div>
   <div class='ocr_carea' id='block_1_16' title="bbox 62 645 868 686">
    <p class='ocr_par' dir='ltr' id='par_1_16' title="bbox 62 645 868 686">
     <span class='ocr_line' id='line_1_16' title="bbox 62 645 868 686; baseline 0.005 -13"><span class='ocrx_word' id='word_1_143' title='bbox 62 647 189 682; x_wconf 71' lang='grc' dir='ltr'>ἔρχεται</span> <span class='ocrx_word' id='word_1_144' title='bbox 208 648 276 684; x_wconf 67' lang='grc' dir='ltr'>πρὸς</span> <span class='ocrx_word' id='word_1_145' title='bbox 288 649 317 674; x_wconf 76' lang='grc' dir='ltr'><strong>τὺ</strong></span> <span class='ocrx_word' id='word_1_146' title='bbox 332 648 468 675; x_wconf 79' lang='grc' dir='ltr'><strong>Λοπάδιον</strong></span> <span class='ocrx_word' id='word_1_147' title='bbox 482 650 511 676; x_wconf 82' lang='grc' dir='ltr'>ἐν</span> <span class='ocrx_word' id='word_1_148' title='bbox 525 645 548 683; x_wconf 84' lang='grc' dir='ltr'>ᾧ</span> <span class='ocrx_word' id='word_1_149' title='bbox 565 650 664 685; x_wconf 72' lang='grc' dir='ltr'>μικρὸν</span> <span class='ocrx_word' id='word_1_150' title='bbox 687 650 868 686; x_wconf 69' lang='grc' dir='ltr'>χρονοτριῧήα</span> 
     </span>
    </p>
   </div>
   <div class='ocr_carea' id='block_1_17' title="bbox 62 693 867 731">
    <p class='ocr_par' dir='ltr' id='par_1_17' title="bbox 62 693 867 731">
     <span class='ocr_line' id='line_1_17' title="bbox 62 693 867 731; baseline 0.007 -13"><span class='ocrx_word' id='word_1_151' title='bbox 62 702 129 723; x_wconf 77' lang='lat' dir='ltr'><strong>sa;</strong></span> <span class='ocrx_word' id='word_1_152' title='bbox 155 694 201 720; x_wconf 69' lang='grc' dir='ltr'>καὶ</span> <span class='ocrx_word' id='word_1_153' title='bbox 231 693 398 729; x_wconf 85' lang='grc' dir='ltr'>μεμαθηκὼς</span> <span class='ocrx_word' id='word_1_154' title='bbox 419 694 468 730; x_wconf 81' lang='grc' dir='ltr'>τὴν</span> <span class='ocrx_word' id='word_1_155' title='bbox 498 695 616 722; x_wconf 73' lang='grc' dir='ltr'>Νίκαιαν</span> <span class='ocrx_word' id='word_1_156' title='bbox 641 697 867 731; x_wconf 77' lang='grc' dir='ltr'>καταλαμϐάνειν</span> 
     </span>
    </p>
   </div>
   <div class='ocr_carea' id='block_1_18' title="bbox 62 739 866 778">
    <p class='ocr_par' dir='ltr' id='par_1_18' title="bbox 62 739 866 778">
     <span class='ocr_line' id='line_1_18' title="bbox 62 739 866 778; baseline 0.006 -13"><span class='ocrx_word' id='word_1_157' title='bbox 62 739 146 766; x_wconf 69' lang='grc' dir='ltr'>πολὺ</span> <span class='ocrx_word' id='word_1_158' title='bbox 176 739 329 775; x_wconf 66' lang='grc' dir='ltr'>Τουρκικὸν</span> <span class='ocrx_word' id='word_1_159' title='bbox 353 741 530 776; x_wconf 83' lang='grc' dir='ltr'>στράτευμα,</span> <span class='ocrx_word' id='word_1_160' title='bbox 561 743 610 774; x_wconf 75' lang='grc' dir='ltr'><strong>τὰς</strong></span> <span class='ocrx_word' id='word_1_161' title='bbox 638 743 769 778; x_wconf 84' lang='grc' dir='ltr'>δυνάμεις</span> <span class='ocrx_word' id='word_1_162' title='bbox 800 744 866 770; x_wconf 65' lang='grc' dir='ltr'>ἀνα.</span> 
     </span>
    </p>
   </div>
   <div class='ocr_carea' id='block_1_19' title="bbox 63 786 867 825">
    <p class='ocr_par' dir='ltr' id='par_1_19' title="bbox 63 786 867 825">
     <span class='ocr_line' id='line_1_19' title="bbox 63 786 867 825; baseline 0.006 -14"><span class='ocrx_word' id='word_1_163' title='bbox 63 786 244 820; x_wconf 65' lang='grc' dir='ltr'>λαϐόμενος,</span> <span class='ocrx_word' id='word_1_164' title='bbox 283 787 412 814; x_wconf 82' lang='grc' dir='ltr'>ἁπονεύει</span> <span class='ocrx_word' id='word_1_165' title='bbox 443 788 510 823; x_wconf 64' lang='grc' dir='ltr'>πρδις</span> <span class='ocrx_word' id='word_1_166' title='bbox 544 789 621 818; x_wconf 82' lang='grc' dir='ltr'>Κίον,</span> <span class='ocrx_word' id='word_1_167' title='bbox 653 788 702 815; x_wconf 73' lang='grc' dir='ltr'>καὶ</span> <span class='ocrx_word' id='word_1_168' title='bbox 733 789 768 816; x_wconf 79' lang='grc' dir='ltr'>δι’</span> <span class='ocrx_word' id='word_1_169' title='bbox 803 790 867 825; x_wconf 81' lang='grc' dir='ltr'>ὅλης</span> 
     </span>
    </p>
   </div>
   <div class='ocr_carea' id='block_1_20' title="bbox 64 832 867 872">
    <p class='ocr_par' dir='ltr' id='par_1_20' title="bbox 64 832 867 872">
     <span class='ocr_line' id='line_1_20' title="bbox 64 832 867 872; baseline 0.007 -15"><span class='ocrx_word' id='word_1_170' title='bbox 64 832 128 866; x_wconf 74' lang='grc' dir='ltr'>τῆς</span> <span class='ocrx_word' id='word_1_171' title='bbox 155 832 240 867; x_wconf 82' lang='grc' dir='ltr'>αὐτῆς</span> <span class='ocrx_word' id='word_1_172' title='bbox 255 834 352 865; x_wconf 82' lang='grc' dir='ltr'>νυκτὸς</span> <span class='ocrx_word' id='word_1_173' title='bbox 380 835 551 870; x_wconf 69' lang='grc' dir='ltr'>μεμαθηκὰς</span> <span class='ocrx_word' id='word_1_174' title='bbox 582 836 682 866; x_wconf 76' lang='grc' dir='ltr'>αὐτοὺς</span> <span class='ocrx_word' id='word_1_175' title='bbox 702 837 735 871; x_wconf 60' lang='grc' dir='ltr'>τῇ</span> <span class='ocrx_word' id='word_1_176' title='bbox 762 836 867 872; x_wconf 64' lang='grc' dir='ltr'>Νικαία-</span> 
     </span>
    </p>
   </div>
   <div class='ocr_carea' id='block_1_21' title="bbox 64 878 867 916">
    <p class='ocr_par' dir='ltr' id='par_1_21' title="bbox 64 878 867 916">
     <span class='ocr_line' id='line_1_21' title="bbox 64 878 867 916; baseline 0.006 -13"><span class='ocrx_word' id='word_1_177' title='bbox 64 878 279 912; x_wconf 73' lang='grc' dir='ltr'><strong>προσπελάζειν</strong></span> <span class='ocrx_word' id='word_1_178' title='bbox 314 879 386 914; x_wconf 79' lang='grc' dir='ltr'>ἧδη,,</span> <span class='ocrx_word' id='word_1_179' title='bbox 407 880 518 915; x_wconf 78' lang='grc' dir='ltr'><strong>ἀπάρας</strong></span> <span class='ocrx_word' id='word_1_180' title='bbox 545 881 648 907; x_wconf 77' lang='grc' dir='ltr'>ἐκεῖθεν</span> <span class='ocrx_word' id='word_1_181' title='bbox 686 880 796 916; x_wconf 68' lang='grc' dir='ltr'>ἔρχεται</span> <span class='ocrx_word' id='word_1_182' title='bbox 824 881 867 908; x_wconf 75' lang='grc' dir='ltr'><strong>διὰ</strong></span> 
     </span>
    </p>
   </div>
   <div class='ocr_carea' id='block_1_22' title="bbox 66 923 865 960">
    <p class='ocr_par' dir='ltr' id='par_1_22' title="bbox 66 923 865 960">
     <span class='ocr_line' id='line_1_22' title="bbox 66 923 865 960; baseline 0.008 -12"><span class='ocrx_word' id='word_1_183' title='bbox 66 924 124 957; x_wconf 71' lang='grc' dir='ltr'>τῆς</span> <span class='ocrx_word' id='word_1_184' title='bbox 163 923 280 956; x_wconf 81' lang='grc' dir='ltr'><strong>Νικαίας</strong></span> <span class='ocrx_word' id='word_1_185' title='bbox 323 926 390 960; x_wconf 84' lang='grc' dir='ltr'>πρὸς</span> <span class='ocrx_word' id='word_1_186' title='bbox 417 927 586 960; x_wconf 83' lang='grc' dir='ltr'>Μίσκουραν.</span> <span class='ocrx_word' id='word_1_187' title='bbox 619 927 674 953; x_wconf 75' lang='grc' dir='ltr'><strong>Καὶ</strong></span> <span class='ocrx_word' id='word_1_188' title='bbox 701 927 783 954; x_wconf 79' lang='grc' dir='ltr'>αὑτοῦ</span> <span class='ocrx_word' id='word_1_189' title='bbox 814 937 865 954; x_wconf 72' lang='grc' dir='ltr'><strong>⁸που</strong></span> 
     </span>
    </p>
   </div>
   <div class='ocr_carea' id='block_1_23' title="bbox 66 967 867 1010">
    <p class='ocr_par' dir='ltr' id='par_1_23' title="bbox 66 967 867 1010">
     <span class='ocr_line' id='line_1_23' title="bbox 66 967 867 1010; baseline 0.007 -16"><span class='ocrx_word' id='word_1_190' title='bbox 66 967 238 1003; x_wconf 73' lang='grc' dir='ltr'>βεϐαιωθεὶς</span> <span class='ocrx_word' id='word_1_191' title='bbox 262 970 300 1002; x_wconf 78' lang='grc' dir='ltr'><strong>ὡς</strong></span> <span class='ocrx_word' id='word_1_192' title='bbox 328 971 359 997; x_wconf 69' lang='grc' dir='ltr'><strong>’τὸ</strong></span> <span class='ocrx_word' id='word_1_193' title='bbox 388 971 437 1006; x_wconf 81' lang='grc' dir='ltr'>μὲν</span> <span class='ocrx_word' id='word_1_194' title='bbox 465 973 519 998; x_wconf 82' lang='grc' dir='ltr'>πᾶν</span> <span class='ocrx_word' id='word_1_195' title='bbox 537 973 696 1007; x_wconf 79' lang='grc' dir='ltr'>στράτευμα</span> <span class='ocrx_word' id='word_1_196' title='bbox 711 973 765 999; x_wconf 72' lang='grc' dir='ltr'>τιῖιν</span> <span class='ocrx_word' id='word_1_197' title='bbox 781 973 867 1010; x_wconf 86' lang='grc' dir='ltr'>Τούρ-</span> 
     </span>
    </p>
   </div>
   <div class='ocr_carea' id='block_1_24' title="bbox 67 1014 867 1054">
    <p class='ocr_par' dir='ltr' id='par_1_24' title="bbox 67 1014 867 1054">
     <span class='ocr_line' id='line_1_24' title="bbox 67 1014 867 1054; baseline 0.008 -14"><span class='ocrx_word' id='word_1_198' title='bbox 67 1023 132 1040; x_wconf 59' lang='grc' dir='ltr'><strong>κων</strong></span> <span class='ocrx_word' id='word_1_199' title='bbox 157 1014 233 1041; x_wconf 77' lang='grc' dir='ltr'>οὔπω</span> <span class='ocrx_word' id='word_1_200' title='bbox 247 1016 408 1050; x_wconf 77' lang='grc' dir='ltr'>κατέλαϐεν,</span> <span class='ocrx_word' id='word_1_201' title='bbox 424 1017 509 1052; x_wconf 80' lang='grc' dir='ltr'>ὀλίγοι</span> <span class='ocrx_word' id='word_1_202' title='bbox 524 1017 553 1044; x_wconf 76' lang='grc' dir='ltr'>δεῖ</span> <span class='ocrx_word' id='word_1_203' title='bbox 568 1027 641 1049; x_wconf 85' lang='grc' dir='ltr'>τινες</span> <span class='ocrx_word' id='word_1_204' title='bbox 670 1019 734 1054; x_wconf 73' lang='grc' dir='ltr'>περὶ</span> <span class='ocrx_word' id='word_1_205' title='bbox 747 1019 794 1045; x_wconf 76' lang='grc' dir='ltr'>τοῦ</span> <span class='ocrx_word' id='word_1_206' title='bbox 811 1020 867 1046; x_wconf 71' lang='lat' dir='ltr'><strong>M7-</strong></span> 
     </span>
    </p>
   </div>
   <div class='ocr_carea' id='block_1_25' title="bbox 67 1060 866 1100">
    <p class='ocr_par' dir='ltr' id='par_1_25' title="bbox 67 1060 866 1100">
     <span class='ocr_line' id='line_1_25' title="bbox 67 1060 866 1100; baseline 0.009 -15"><span class='ocrx_word' id='word_1_207' title='bbox 67 1060 189 1087; x_wconf 69' lang='lat' dir='ltr'><strong>.aoMxo-J</strong></span> <span class='ocrx_word' id='word_1_208' title='bbox 206 1062 417 1095; x_wconf 73' lang='grc' dir='ltr'>ἀποσταλέντες,</span> <span class='ocrx_word' id='word_1_209' title='bbox 441 1064 514 1090; x_wconf 76' lang='grc' dir='ltr'>κατὰ</span> <span class='ocrx_word' id='word_1_210' title='bbox 550 1063 580 1090; x_wconf 81' lang='grc' dir='ltr'><strong>τὸ</strong></span> <span class='ocrx_word' id='word_1_211' title='bbox 598 1064 711 1092; x_wconf 82' lang='grc' dir='ltr'>Δολύλον</span> <span class='ocrx_word' id='word_1_212' title='bbox 735 1065 866 1100; x_wconf 81' lang='grc' dir='ltr'>ἐνδιατρί-</span> 
     </span>
    </p>
   </div>
   <div class='ocr_carea' id='block_1_26' title="bbox 67 1106 864 1147">
    <p class='ocr_par' dir='ltr' id='par_1_26' title="bbox 67 1106 864 1147">
     <span class='ocr_line' id='line_1_26' title="bbox 67 1106 864 1147; baseline 0.008 -15"><span class='ocrx_word' id='word_1_213' title='bbox 67 1106 165 1139; x_wconf 80' lang='grc' dir='ltr'>δουσι,</span> <span class='ocrx_word' id='word_1_214' title='bbox 181 1108 230 1134; x_wconf 80' lang='grc' dir='ltr'>καὶ</span> <span class='ocrx_word' id='word_1_215' title='bbox 245 1109 278 1135; x_wconf 77' lang='grc' dir='ltr'><strong>τὰ</strong></span> <span class='ocrx_word' id='word_1_216' title='bbox 294 1110 343 1144; x_wconf 86' lang='grc' dir='ltr'>τῆς</span> <span class='ocrx_word' id='word_1_217' title='bbox 367 1109 485 1141; x_wconf 76' lang='grc' dir='ltr'><strong>Νικαίας</strong></span> <span class='ocrx_word' id='word_1_218' title='bbox 501 1111 584 1145; x_wconf 80' lang='grc' dir='ltr'>μέρη.</span> <span class='ocrx_word' id='word_1_219' title='bbox 606 1112 651 1146; x_wconf 70' lang='grc' dir='ltr'><strong>ἐφ’</strong></span> <span class='ocrx_word' id='word_1_220' title='bbox 706 1111 755 1147; x_wconf 82' lang='grc' dir='ltr'>τὴν</span> <span class='ocrx_word' id='word_1_221' title='bbox 781 1111 864 1138; x_wconf 78' lang='grc' dir='ltr'>αὑτοῦ</span> 
     </span>
    </p>
   </div>
   <div class='ocr_carea' id='block_1_27' title="bbox 68 1155 867 1194">
    <p class='ocr_par' dir='ltr' id='par_1_27' title="bbox 68 1155 867 1194">
     <span class='ocr_line' id='line_1_27' title="bbox 68 1155 867 1194; baseline 0.01 -16"><span class='ocrx_word' id='word_1_222' title='bbox 68 1155 254 1188; x_wconf 78' lang='grc' dir='ltr'><strong>περισκοπεῖν</strong></span> <span class='ocrx_word' id='word_1_223' title='bbox 271 1155 387 1188; x_wconf 74' lang='grc' dir='ltr'>ἔλευσιν,</span> <span class='ocrx_word' id='word_1_224' title='bbox 413 1157 462 1183; x_wconf 80' lang='grc' dir='ltr'>καὶ</span> <span class='ocrx_word' id='word_1_225' title='bbox 480 1157 529 1188; x_wconf 81' lang='grc' dir='ltr'>τὰς</span> <span class='ocrx_word' id='word_1_226' title='bbox 554 1159 619 1194; x_wconf 74' lang='grc' dir='ltr'>περὶ</span> <span class='ocrx_word' id='word_1_227' title='bbox 642 1158 726 1185; x_wconf 84' lang='grc' dir='ltr'>αὑτοῦ</span> <span class='ocrx_word' id='word_1_228' title='bbox 747 1159 785 1194; x_wconf 85' lang='grc' dir='ltr'>τῷ</span> <span class='ocrx_word' id='word_1_229' title='bbox 810 1159 867 1186; x_wconf 92' lang='grc' dir='ltr'><strong>Μο-</strong></span> 
     </span>
    </p>
   </div>
   <div class='ocr_carea' id='block_1_28' title="bbox 68 1198 864 1240">
    <p class='ocr_par' dir='ltr' id='par_1_28' title="bbox 68 1198 864 1240">
     <span class='ocr_line' id='line_1_28' title="bbox 68 1198 864 1240; baseline 0.01 -16"><span class='ocrx_word' id='word_1_230' title='bbox 68 1198 181 1235; x_wconf 68' lang='grc' dir='ltr'>νολύκῳ</span> <span class='ocrx_word' id='word_1_231' title='bbox 205 1200 304 1228; x_wconf 83' lang='grc' dir='ltr'>διδόναι</span> <span class='ocrx_word' id='word_1_232' title='bbox 330 1203 452 1238; x_wconf 75' lang='grc' dir='ltr'><strong>συνεχεῖς</strong></span> <span class='ocrx_word' id='word_1_233' title='bbox 475 1203 602 1239; x_wconf 79' lang='grc' dir='ltr'>εἰδήσεις.</span> <span class='ocrx_word' id='word_1_234' title='bbox 626 1204 728 1231; x_wconf 81' lang='grc' dir='ltr'>Λέοντα</span> <span class='ocrx_word' id='word_1_235' title='bbox 750 1205 800 1240; x_wconf 78' lang='grc' dir='ltr'>μὶν</span> <span class='ocrx_word' id='word_1_236' title='bbox 818 1205 864 1232; x_wconf 70' lang='grc' dir='ltr'>τὸν</span> 
     </span>
    </p>
   </div>
   <div class='ocr_carea' id='block_1_29' title="bbox 67 1244 866 1285">
    <p class='ocr_par' dir='ltr' id='par_1_29' title="bbox 67 1244 866 1285">
     <span class='ocr_line' id='line_1_29' title="bbox 67 1244 866 1285; baseline 0.01 -16"><span class='ocrx_word' id='word_1_237' title='bbox 67 1244 226 1280; x_wconf 80' lang='grc' dir='ltr'>Νικερίτην</span> <span class='ocrx_word' id='word_1_238' title='bbox 256 1246 326 1281; x_wconf 83' lang='grc' dir='ltr'>μετὰ</span> <span class='ocrx_word' id='word_1_239' title='bbox 353 1247 408 1274; x_wconf 86' lang='grc' dir='ltr'><strong>τῶν</strong></span> <span class='ocrx_word' id='word_1_240' title='bbox 430 1248 478 1274; x_wconf 76' lang='grc' dir='ltr'><strong>ὑπ’</strong></span> <span class='ocrx_word' id='word_1_241' title='bbox 501 1249 584 1276; x_wconf 76' lang='grc' dir='ltr'>αὐτὸν</span> <span class='ocrx_word' id='word_1_242' title='bbox 608 1250 748 1285; x_wconf 82' lang='grc' dir='ltr'><strong>δυνάμεων</strong></span> <span class='ocrx_word' id='word_1_243' title='bbox 771 1251 811 1283; x_wconf 86' lang='grc' dir='ltr'><strong>εἰς</strong></span> <span class='ocrx_word' id='word_1_244' title='bbox 835 1250 866 1277; x_wconf 82' lang='grc' dir='ltr'><strong>τδ</strong></span> 
     </span>
    </p>
   </div>
   <div class='ocr_carea' id='block_1_30' title="bbox 68 1288 866 1330">
    <p class='ocr_par' dir='ltr' id='par_1_30' title="bbox 68 1288 866 1330">
     <span class='ocr_line' id='line_1_30' title="bbox 68 1288 866 1330; baseline 0.009 -16"><span class='ocrx_word' id='word_1_245' title='bbox 68 1288 211 1316; x_wconf 72' lang='grc' dir='ltr'>Λοτέάδιον</span> <span class='ocrx_word' id='word_1_246' title='bbox 242 1290 411 1326; x_wconf 80' lang='grc' dir='ltr'>πέπομφεν,</span> <span class='ocrx_word' id='word_1_247' title='bbox 450 1294 632 1330; x_wconf 81' lang='grc' dir='ltr'><strong>ἐγρηγορέναι</strong></span> <span class='ocrx_word' id='word_1_248' title='bbox 657 1303 687 1321; x_wconf 83' lang='grc' dir='ltr'><strong>τε</strong></span> <span class='ocrx_word' id='word_1_249' title='bbox 721 1295 866 1327; x_wconf 75' lang='grc' dir='ltr'>διαπαντὸς</span> 
     </span>
    </p>
   </div>
   <div class='ocr_carea' id='block_1_31' title="bbox 69 1335 866 1376">
    <p class='ocr_par' dir='ltr' id='par_1_31' title="bbox 69 1335 866 1376">
     <span class='ocr_line' id='line_1_31' title="bbox 69 1335 866 1376; baseline 0.011 -17"><span class='ocrx_word' id='word_1_250' title='bbox 69 1335 354 1371; x_wconf 68' lang='grc' dir='ltr'><strong>παρακελευσάμενος</strong></span> <span class='ocrx_word' id='word_1_251' title='bbox 373 1339 481 1370; x_wconf 72' lang='grc' dir='ltr'>καὶτὰς</span> <span class='ocrx_word' id='word_1_252' title='bbox 495 1340 635 1375; x_wconf 72' lang='grc' dir='ltr'>ἀμφόδους</span> <span class='ocrx_word' id='word_1_253' title='bbox 651 1341 804 1376; x_wconf 77' lang='grc' dir='ltr'><strong>ἐπιτηρεῖν,</strong></span> <span class='ocrx_word' id='word_1_254' title='bbox 817 1341 866 1367; x_wconf 77' lang='grc' dir='ltr'>καὶ</span> 
     </span>
    </p>
   </div>
   <div class='ocr_carea' id='block_1_32' title="bbox 68 1378 865 1421">
    <p class='ocr_par' dir='ltr' id='par_1_32' title="bbox 68 1378 865 1421">
     <span class='ocr_line' id='line_1_32' title="bbox 68 1378 865 1421; baseline 0.011 -16"><span class='ocrx_word' id='word_1_255' title='bbox 68 1378 145 1405; x_wconf 61' lang='lat' dir='ltr'><strong>ista.</strong></span> <span class='ocrx_word' id='word_1_256' title='bbox 157 1379 189 1409; x_wconf 82' lang='grc' dir='ltr'>δὴ</span> <span class='ocrx_word' id='word_1_257' title='bbox 204 1382 267 1416; x_wconf 83' lang='grc' dir='ltr'>περὶ</span> <span class='ocrx_word' id='word_1_258' title='bbox 280 1381 335 1408; x_wconf 85' lang='grc' dir='ltr'><strong>τῶν</strong></span> <span class='ocrx_word' id='word_1_259' title='bbox 351 1382 480 1418; x_wconf 83' lang='grc' dir='ltr'>Τούρκων</span> <span class='ocrx_word' id='word_1_260' title='bbox 494 1385 583 1421; x_wconf 89' lang='grc' dir='ltr'>γνοίη,</span> <span class='ocrx_word' id='word_1_261' title='bbox 595 1385 681 1412; x_wconf 79' lang='grc' dir='ltr'>ταῦτα</span> <span class='ocrx_word' id='word_1_262' title='bbox 695 1386 739 1413; x_wconf 87' lang='grc' dir='ltr'>διὰ</span> <span class='ocrx_word' id='word_1_263' title='bbox 751 1386 865 1421; x_wconf 85' lang='grc' dir='ltr'>γραφῶν</span> 
     </span>
    </p>
   </div>
   <div class='ocr_carea' id='block_1_33' title="bbox 67 1425 864 1467">
    <p class='ocr_par' dir='ltr' id='par_1_33' title="bbox 67 1425 864 1467">
     <span class='ocr_line' id='line_1_33' title="bbox 67 1425 864 1467; baseline 0.009 -15"><span class='ocrx_word' id='word_1_264' title='bbox 67 1425 173 1460; x_wconf 72' lang='grc' dir='ltr'>δηλοῦν</span> <span class='ocrx_word' id='word_1_265' title='bbox 186 1427 270 1462; x_wconf 78' lang='grc' dir='ltr'>αὐτῷ.</span> <span class='ocrx_word' id='word_1_266' title='bbox 288 1427 324 1455; x_wconf 85' lang='grc' dir='ltr'><strong>Τὸ</strong></span> <span class='ocrx_word' id='word_1_267' title='bbox 335 1428 363 1455; x_wconf 79' lang='grc' dir='ltr'>δὲ</span> <span class='ocrx_word' id='word_1_268' title='bbox 381 1429 521 1456; x_wconf 78' lang='grc' dir='ltr'>ἐπίλοιπον</span> <span class='ocrx_word' id='word_1_269' title='bbox 537 1431 696 1467; x_wconf 84' lang='grc' dir='ltr'>στράτευμα</span> <span class='ocrx_word' id='word_1_270' title='bbox 712 1433 740 1459; x_wconf 84' lang='grc' dir='ltr'>ὲν</span> <span class='ocrx_word' id='word_1_271' title='bbox 754 1433 864 1459; x_wconf 79' lang='grc' dir='ltr'>ἐπικαί-</span> 
     </span>
    </p>
   </div>
   <div class='ocr_carea' id='block_1_34' title="bbox 66 1472 862 1512">
    <p class='ocr_par' dir='ltr' id='par_1_34' title="bbox 66 1472 862 1512">
     <span class='ocr_line' id='line_1_34' title="bbox 66 1472 862 1512; baseline 0.011 -16"><span class='ocrx_word' id='word_1_272' title='bbox 66 1479 131 1505; x_wconf 75' lang='grc' dir='ltr'>ροις</span> <span class='ocrx_word' id='word_1_273' title='bbox 148 1472 334 1506; x_wconf 80' lang='grc' dir='ltr'>καταθέμενος</span> <span class='ocrx_word' id='word_1_274' title='bbox 355 1474 448 1505; x_wconf 84' lang='grc' dir='ltr'>τόποις</span> <span class='ocrx_word' id='word_1_275' title='bbox 463 1474 561 1509; x_wconf 80' lang='grc' dir='ltr'>διέγνω</span> <span class='ocrx_word' id='word_1_276' title='bbox 586 1475 690 1511; x_wconf 76' lang='grc' dir='ltr'>βέλτιον</span> <span class='ocrx_word' id='word_1_277' title='bbox 705 1474 784 1510; x_wconf 77' lang='grc' dir='ltr'>εἶναι,</span> <span class='ocrx_word' id='word_1_278' title='bbox 807 1486 862 1512; x_wconf 88' lang='grc' dir='ltr'>μη-</span> 
     </span>
    </p>
   </div>
   <div class='ocr_carea' id='block_1_35' title="bbox 67 1517 863 1558">
    <p class='ocr_par' dir='ltr' id='par_1_35' title="bbox 67 1517 863 1558">
     <span class='ocr_line' id='line_1_35' title="bbox 67 1517 863 1558; baseline 0.011 -16"><span class='ocrx_word' id='word_1_279' title='bbox 67 1517 133 1543; x_wconf 68' lang='grc' dir='ltr'>κέτι</span> <span class='ocrx_word' id='word_1_280' title='bbox 145 1518 216 1544; x_wconf 80' lang='grc' dir='ltr'>κατὰ</span> <span class='ocrx_word' id='word_1_281' title='bbox 233 1518 280 1545; x_wconf 83' lang='grc' dir='ltr'>τοῦ</span> <span class='ocrx_word' id='word_1_282' title='bbox 299 1520 449 1547; x_wconf 86' lang='grc' dir='ltr'>σουλτάνου</span> <span class='ocrx_word' id='word_1_283' title='bbox 464 1522 574 1557; x_wconf 85' lang='grc' dir='ltr'><strong>χωρεῖν,</strong></span> <span class='ocrx_word' id='word_1_284' title='bbox 593 1523 863 1558; x_wconf 75' lang='grc' dir='ltr'>στοχαζόμενοςτοὺς</span> 
     </span>
    </p>
   </div>
   <div class='ocr_carea' id='block_1_36' title="bbox 68 1563 863 1605">
    <p class='ocr_par' dir='ltr' id='par_1_36' title="bbox 68 1563 863 1605">
     <span class='ocr_line' id='line_1_36' title="bbox 68 1563 863 1605; baseline 0.01 -17"><span class='ocrx_word' id='word_1_285' title='bbox 68 1563 213 1594; x_wconf 78' lang='grc' dir='ltr'><strong>σωθέντας</strong></span> <span class='ocrx_word' id='word_1_286' title='bbox 230 1564 392 1600; x_wconf 78' lang='grc' dir='ltr'>Βαρδάρους</span> <span class='ocrx_word' id='word_1_287' title='bbox 406 1565 457 1601; x_wconf 88' lang='grc' dir='ltr'>τὴν</span> <span class='ocrx_word' id='word_1_288' title='bbox 472 1567 534 1593; x_wconf 86' lang='grc' dir='ltr'>κατ’</span> <span class='ocrx_word' id='word_1_289' title='bbox 551 1567 641 1594; x_wconf 76' lang='grc' dir='ltr'>αὐτῶν</span> <span class='ocrx_word' id='word_1_290' title='bbox 657 1568 745 1604; x_wconf 80' lang='grc' dir='ltr'>ὁρμὴν</span> <span class='ocrx_word' id='word_1_291' title='bbox 766 1569 863 1605; x_wconf 86' lang='grc' dir='ltr'>διακη-</span> 
     </span>
    </p>
   </div>
   <div class='ocr_carea' id='block_1_37' title="bbox 68 1611 862 1651">
    <p class='ocr_par' dir='ltr' id='par_1_37' title="bbox 68 1611 862 1651">
     <span class='ocr_line' id='line_1_37' title="bbox 68 1611 862 1651; baseline 0.009 -15"><span class='ocrx_word' id='word_1_292' title='bbox 68 1611 261 1645; x_wconf 76' lang='grc' dir='ltr'>ρυκεύσασθαι</span> <span class='ocrx_word' id='word_1_293' title='bbox 276 1614 335 1645; x_wconf 81' lang='grc' dir='ltr'>τοῖς</span> <span class='ocrx_word' id='word_1_294' title='bbox 356 1613 427 1640; x_wconf 84' lang='grc' dir='ltr'>κατὰ</span> <span class='ocrx_word' id='word_1_295' title='bbox 444 1613 492 1649; x_wconf 83' lang='grc' dir='ltr'>τὴν</span> <span class='ocrx_word' id='word_1_296' title='bbox 507 1615 602 1642; x_wconf 83' lang='grc' dir='ltr'>Ἀσίαν</span> <span class='ocrx_word' id='word_1_297' title='bbox 617 1615 704 1642; x_wconf 75' lang='grc' dir='ltr'>ἅπασι</span> <span class='ocrx_word' id='word_1_298' title='bbox 718 1616 862 1651; x_wconf 80' lang='grc' dir='ltr'>Τοὺρκοις,</span> 
     </span>
    </p>
   </div>
   <div class='ocr_carea' id='block_1_38' title="bbox 65 1657 863 1697">
    <p class='ocr_par' dir='ltr' id='par_1_38' title="bbox 65 1657 863 1697">
     <span class='ocr_line' id='line_1_38' title="bbox 65 1657 863 1697; baseline 0.008 -15"><span class='ocrx_word' id='word_1_299' title='bbox 65 1657 110 1688; x_wconf 79' lang='grc' dir='ltr'><strong>ὡς</strong></span> <span class='ocrx_word' id='word_1_300' title='bbox 140 1658 170 1683; x_wconf 85' lang='grc' dir='ltr'>ἑν</span> <span class='ocrx_word' id='word_1_301' title='bbox 198 1658 339 1694; x_wconf 76' lang='grc' dir='ltr'>διαφόροις</span> <span class='ocrx_word' id='word_1_302' title='bbox 378 1660 588 1695; x_wconf 73' lang='grc' dir='ltr'><strong>ἐντετυχηκότες</strong></span> <span class='ocrx_word' id='word_1_303' title='bbox 626 1661 683 1692; x_wconf 75' lang='grc' dir='ltr'>τοῖς</span> <span class='ocrx_word' id='word_1_304' title='bbox 715 1662 863 1697; x_wconf 80' lang='grc' dir='ltr'>Ῥωμαίοις</span> 
     </span>
    </p>
   </div>
   <div class='ocr_carea' id='block_1_39' title="bbox 67 1704 865 1742">
    <p class='ocr_par' dir='ltr' id='par_1_39' title="bbox 67 1704 865 1742">
     <span class='ocr_line' id='line_1_39' title="bbox 67 1704 865 1742; baseline 0.006 -13"><span class='ocrx_word' id='word_1_305' title='bbox 67 1704 244 1738; x_wconf 70' lang='grc' dir='ltr'>προσέδει).ον</span> <span class='ocrx_word' id='word_1_306' title='bbox 258 1705 295 1737; x_wconf 79' lang='grc' dir='ltr'>ὡς</span> <span class='ocrx_word' id='word_1_307' title='bbox 316 1707 460 1742; x_wconf 82' lang='grc' dir='ltr'>καρτερῶς</span> <span class='ocrx_word' id='word_1_308' title='bbox 473 1707 653 1742; x_wconf 82' lang='grc' dir='ltr'>ἀντέστησαν,</span> <span class='ocrx_word' id='word_1_309' title='bbox 676 1707 713 1739; x_wconf 83' lang='grc' dir='ltr'>ὡς</span> <span class='ocrx_word' id='word_1_310' title='bbox 733 1708 865 1742; x_wconf 79' lang='grc' dir='ltr'>ἡττηθέν-</span> 
     </span>
    </p>
   </div>
   <div class='ocr_carea' id='block_1_40' title="bbox 66 1750 863 1788">
    <p class='ocr_par' dir='ltr' id='par_1_40' title="bbox 66 1750 863 1788">
     <span class='ocr_line' id='line_1_40' title="bbox 66 1750 863 1788; baseline 0.008 -13"><span class='ocrx_word' id='word_1_311' title='bbox 66 1757 129 1781; x_wconf 86' lang='grc' dir='ltr'>τες,</span> <span class='ocrx_word' id='word_1_312' title='bbox 143 1750 169 1776; x_wconf 84' lang='grc' dir='ltr'><strong>οί</strong></span> <span class='ocrx_word' id='word_1_313' title='bbox 187 1751 238 1784; x_wconf 73' lang='grc' dir='ltr'>μὲν</span> <span class='ocrx_word' id='word_1_314' title='bbox 252 1751 392 1784; x_wconf 78' lang='grc' dir='ltr'>ἑάλωσαν,</span> <span class='ocrx_word' id='word_1_315' title='bbox 419 1753 444 1779; x_wconf 84' lang='lat' dir='ltr'><strong>ot</strong></span> <span class='ocrx_word' id='word_1_316' title='bbox 471 1752 499 1779; x_wconf 82' lang='grc' dir='ltr'>δὲ</span> <span class='ocrx_word' id='word_1_317' title='bbox 514 1753 699 1788; x_wconf 78' lang='grc' dir='ltr'>ἀνῃρέθησαν,</span> <span class='ocrx_word' id='word_1_318' title='bbox 724 1753 810 1788; x_wconf 84' lang='grc' dir='ltr'>ὀλίγοι</span> <span class='ocrx_word' id='word_1_319' title='bbox 835 1754 863 1781; x_wconf 85' lang='grc' dir='ltr'>δὲ</span> 
     </span>
    </p>
   </div>
   <div class='ocr_carea' id='block_1_41' title="bbox 66 1796 863 1832">
    <p class='ocr_par' dir='ltr' id='par_1_41' title="bbox 66 1796 863 1832">
     <span class='ocr_line' id='line_1_41' title="bbox 66 1796 863 1832; baseline 0.008 -11"><span class='ocrx_word' id='word_1_320' title='bbox 66 1796 121 1821; x_wconf 72' lang='grc' dir='ltr'>καὶ</span> <span class='ocrx_word' id='word_1_321' title='bbox 148 1797 411 1832; x_wconf 74' lang='grc' dir='ltr'>τραυματισθέντες,</span> <span class='ocrx_word' id='word_1_322' title='bbox 435 1798 586 1826; x_wconf 75' lang='grc' dir='ltr'>ἀπώλοντο·</span> <span class='ocrx_word' id='word_1_323' title='bbox 615 1800 670 1826; x_wconf 80' lang='grc' dir='ltr'>κάκ</span> <span class='ocrx_word' id='word_1_324' title='bbox 695 1799 790 1826; x_wconf 85' lang='grc' dir='ltr'>τούτου</span> <span class='ocrx_word' id='word_1_325' title='bbox 805 1801 863 1827; x_wconf 88' lang='grc' dir='ltr'>δια-</span> 
     </span>
    </p>
   </div>
   <div class='ocr_carea' id='block_1_42' title="bbox 65 1841 863 1881">
    <p class='ocr_par' dir='ltr' id='par_1_42' title="bbox 65 1841 863 1881">
     <span class='ocr_line' id='line_1_42' title="bbox 65 1841 863 1881; baseline 0.009 -15"><span class='ocrx_word' id='word_1_326' title='bbox 65 1841 238 1878; x_wconf 78' lang='grc' dir='ltr'>γνόντεςτὴν</span> <span class='ocrx_word' id='word_1_327' title='bbox 247 1843 330 1869; x_wconf 77' lang='grc' dir='ltr'>αὑτοῦ</span> <span class='ocrx_word' id='word_1_328' title='bbox 347 1844 493 1871; x_wconf 79' lang='grc' dir='ltr'>ὲπὲλευσιν</span> <span class='ocrx_word' id='word_1_329' title='bbox 505 1845 530 1871; x_wconf 79' lang='grc' dir='ltr'>οἱ</span> <span class='ocrx_word' id='word_1_330' title='bbox 539 1845 680 1880; x_wconf 76' lang='grc' dir='ltr'>Βάρὸαροι</span> <span class='ocrx_word' id='word_1_331' title='bbox 695 1846 863 1881; x_wconf 66' lang='grc' dir='ltr'>πορρωτέρω</span> 
     </span>
    </p>
   </div>
   <div class='ocr_carea' id='block_1_43' title="bbox 66 1889 863 1926">
    <p class='ocr_par' dir='ltr' id='par_1_43' title="bbox 66 1889 863 1926">
     <span class='ocr_line' id='line_1_43' title="bbox 66 1889 863 1926; baseline 0.005 -12"><span class='ocrx_word' id='word_1_332' title='bbox 66 1889 121 1914; x_wconf 67' lang='grc' dir='ltr'>καὶ</span> <span class='ocrx_word' id='word_1_333' title='bbox 145 1889 228 1915; x_wconf 80' lang='grc' dir='ltr'>αὑτοῦ</span> <span class='ocrx_word' id='word_1_334' title='bbox 263 1890 377 1917; x_wconf 80' lang='grc' dir='ltr'>Ἰκονίου</span> <span class='ocrx_word' id='word_1_335' title='bbox 412 1891 576 1926; x_wconf 78' lang='grc' dir='ltr'>γενήσονται</span> <span class='ocrx_word' id='word_1_336' title='bbox 603 1892 651 1918; x_wconf 78' lang='grc' dir='ltr'>καὶ</span> <span class='ocrx_word' id='word_1_337' title='bbox 684 1892 863 1924; x_wconf 73' lang='grc' dir='ltr'>κενόσπουδος</span> 
     </span>
    </p>
   </div>
   <div class='ocr_carea' id='block_1_44' title="bbox 66 1934 863 1973">
    <p class='ocr_par' dir='ltr' id='par_1_44' title="bbox 66 1934 863 1973">
     <span class='ocr_line' id='line_1_44' title="bbox 66 1934 863 1973; baseline 0.005 -13"><span class='ocrx_word' id='word_1_338' title='bbox 66 1934 294 1970; x_wconf 77' lang='grc' dir='ltr'>αὖτῷήσπουδὴ</span> <span class='ocrx_word' id='word_1_339' title='bbox 319 1936 442 1971; x_wconf 83' lang='grc' dir='ltr'>γένηται.</span> <span class='ocrx_word' id='word_1_340' title='bbox 473 1937 524 1964; x_wconf 82' lang='grc' dir='ltr'><strong>Διὰ</strong></span> <span class='ocrx_word' id='word_1_341' title='bbox 553 1937 641 1964; x_wconf 84' lang='grc' dir='ltr'>ταῦτα</span> <span class='ocrx_word' id='word_1_342' title='bbox 657 1937 775 1973; x_wconf 77' lang='grc' dir='ltr'>στρέψας</span> <span class='ocrx_word' id='word_1_343' title='bbox 799 1938 863 1969; x_wconf 78' lang='grc' dir='ltr'>τοὺς</span> 
     </span>
    </p>
   </div>
   <div class='ocr_carea' id='block_1_45' title="bbox 66 1980 863 2018">
    <p class='ocr_par' dir='ltr' id='par_1_45' title="bbox 66 1980 863 2018">
     <span class='ocr_line' id='line_1_45' title="bbox 66 1980 863 2018; baseline 0.005 -13"><span class='ocrx_word' id='word_1_344' title='bbox 66 1980 198 2015; x_wconf 61' lang='grc' dir='ltr'>χαλινοὺς</span> <span class='ocrx_word' id='word_1_345' title='bbox 211 1980 254 2008; x_wconf 86' lang='grc' dir='ltr'><strong>διὰ</strong></span> <span class='ocrx_word' id='word_1_346' title='bbox 269 1982 317 2017; x_wconf 85' lang='grc' dir='ltr'>τῆς</span> <span class='ocrx_word' id='word_1_347' title='bbox 330 1981 452 2009; x_wconf 77' lang='grc' dir='ltr'>Βιθυνῶν</span> <span class='ocrx_word' id='word_1_348' title='bbox 466 1982 517 2017; x_wconf 85' lang='grc' dir='ltr'>τὴν</span> <span class='ocrx_word' id='word_1_349' title='bbox 537 1982 724 2018; x_wconf 83' lang='grc' dir='ltr'>Νικομήδειαν</span> <span class='ocrx_word' id='word_1_350' title='bbox 747 1982 863 2009; x_wconf 77' lang='grc' dir='ltr'>κατέλα-</span> 
     </span>
    </p>
   </div>
   <div class='ocr_carea' id='block_1_46' title="bbox 67 2026 863 2063">
    <p class='ocr_par' dir='ltr' id='par_1_46' title="bbox 67 2026 863 2063">
     <span class='ocr_line' id='line_1_46' title="bbox 67 2026 863 2063; baseline 0.005 -12"><span class='ocrx_word' id='word_1_351' title='bbox 67 2027 131 2055; x_wconf 78' lang='grc' dir='ltr'>ὕεν.</span> <span class='ocrx_word' id='word_1_352' title='bbox 167 2026 204 2052; x_wconf 80' lang='grc' dir='ltr'><strong>ἶν’</strong></span> <span class='ocrx_word' id='word_1_353' title='bbox 226 2027 352 2054; x_wconf 75' lang='grc' dir='ltr'>ἐντεῦθεν</span> <span class='ocrx_word' id='word_1_354' title='bbox 385 2027 588 2059; x_wconf 82' lang='grc' dir='ltr'>ἀπελπίσαντες</span> <span class='ocrx_word' id='word_1_355' title='bbox 613 2028 663 2063; x_wconf 86' lang='grc' dir='ltr'>τὴν</span> <span class='ocrx_word' id='word_1_356' title='bbox 693 2028 752 2054; x_wconf 80' lang='grc' dir='ltr'>κατ’</span> <span class='ocrx_word' id='word_1_357' title='bbox 774 2028 863 2055; x_wconf 76' lang='grc' dir='ltr'>αὐτῶν</span> 
     </span>
    </p>
   </div>
   <div class='ocr_carea' id='block_1_47' title="bbox 67 2071 862 2108">
    <p class='ocr_par' dir='ltr' id='par_1_47' title="bbox 67 2071 862 2108">
     <span class='ocr_line' id='line_1_47' title="bbox 67 2071 862 2108; baseline 0.001 -10"><span class='ocrx_word' id='word_1_358' title='bbox 67 2072 166 2106; x_wconf 77' lang='grc' dir='ltr'>ἔφοδον</span> <span class='ocrx_word' id='word_1_359' title='bbox 181 2092 188 2103; x_wconf 85' lang='grc'><strong>,</strong></span> <span class='ocrx_word' id='word_1_360' title='bbox 214 2072 390 2099; x_wconf 78' lang='grc' dir='ltr'>ἐπανέλθοιεν</span> <span class='ocrx_word' id='word_1_361' title='bbox 416 2073 532 2105; x_wconf 76' lang='grc' dir='ltr'>ἕκαστος</span> <span class='ocrx_word' id='word_1_362' title='bbox 565 2071 651 2108; x_wconf 75' lang='grc' dir='ltr'>οὗπερ</span> <span class='ocrx_word' id='word_1_363' title='bbox 677 2073 727 2108; x_wconf 81' lang='grc' dir='ltr'>τὴν</span> <span class='ocrx_word' id='word_1_364' title='bbox 757 2074 862 2107; x_wconf 77' lang='grc' dir='ltr'>οἴκησιν</span> 
     </span>
    </p>
   </div>
   <div class='ocr_carea' id='block_1_48' title="bbox 69 2118 863 2154">
    <p class='ocr_par' dir='ltr' id='par_1_48' title="bbox 69 2118 863 2154">
     <span class='ocr_line' id='line_1_48' title="bbox 69 2118 863 2154; baseline 0.003 -11"><span class='ocrx_word' id='word_1_365' title='bbox 69 2118 207 2153; x_wconf 81' lang='grc' dir='ltr'>πρότερον</span> <span class='ocrx_word' id='word_1_366' title='bbox 225 2119 381 2153; x_wconf 76' lang='grc' dir='ltr'>ἐπεποίητο</span> <span class='ocrx_word' id='word_1_367' title='bbox 400 2120 470 2145; x_wconf 67' lang='grc' dir='ltr'>ὲπὲιν</span> <span class='ocrx_word' id='word_1_368' title='bbox 484 2119 511 2145; x_wconf 83' lang='grc' dir='ltr'>δὲ</span> <span class='ocrx_word' id='word_1_369' title='bbox 527 2119 770 2154; x_wconf 73' lang='grc' dir='ltr'>ἁποθαρῤήσαντες</span> <span class='ocrx_word' id='word_1_370' title='bbox 783 2118 863 2150; x_wconf 80' lang='grc' dir='ltr'>αὖθις</span> 
     </span>
    </p>
   </div>
   <div class='ocr_carea' id='block_1_49' title="bbox 68 2165 859 2203">
    <p class='ocr_par' dir='ltr' id='par_1_49' title="bbox 68 2165 859 2203">
     <span class='ocr_line' id='line_1_49' title="bbox 68 2165 859 2203; baseline 0.001 -12"><span class='ocrx_word' id='word_1_371' title='bbox 68 2166 114 2196; x_wconf 82' lang='grc' dir='ltr'><strong>εἰς</strong></span> <span class='ocrx_word' id='word_1_372' title='bbox 133 2166 272 2201; x_wconf 76' lang='grc' dir='ltr'>προνομὴν</span> <span class='ocrx_word' id='word_1_373' title='bbox 298 2167 471 2203; x_wconf 78' lang='grc' dir='ltr'>σχεδατιθεῖεν</span> <span class='ocrx_word' id='word_1_374' title='bbox 497 2167 535 2198; x_wconf 86' lang='grc' dir='ltr'>ὡς</span> <span class='ocrx_word' id='word_1_375' title='bbox 554 2167 613 2199; x_wconf 72' lang='grc' dir='ltr'>ἔθος</span> <span class='ocrx_word' id='word_1_376' title='bbox 636 2167 692 2196; x_wconf 82' lang='grc' dir='ltr'>τοῖ;</span> <span class='ocrx_word' id='word_1_377' title='bbox 716 2165 859 2201; x_wconf 83' lang='grc' dir='ltr'>Τούρκοις,</span> 
     </span>
    </p>
   </div>
   <div class='ocr_carea' id='block_1_50' title="bbox 72 2213 858 2250">
    <p class='ocr_par' dir='ltr' id='par_1_50' title="bbox 72 2213 858 2250">
     <span class='ocr_line' id='line_1_50' title="bbox 72 2213 858 2250; baseline 0 -10"><span class='ocrx_word' id='word_1_378' title='bbox 72 2214 125 2240; x_wconf 75' lang='grc' dir='ltr'>καὶ</span> <span class='ocrx_word' id='word_1_379' title='bbox 140 2214 220 2245; x_wconf 64' lang='grc' dir='ltr'>αὐτὸς</span> <span class='ocrx_word' id='word_1_380' title='bbox 234 2214 248 2240; x_wconf 81' lang='grc' dir='ltr'><strong>ὁ</strong></span> <span class='ocrx_word' id='word_1_381' title='bbox 269 2215 414 2246; x_wconf 76' lang='grc' dir='ltr'>σουλτάνος</span> <span class='ocrx_word' id='word_1_382' title='bbox 429 2214 477 2241; x_wconf 83' lang='grc' dir='ltr'>τοῦ</span> <span class='ocrx_word' id='word_1_383' title='bbox 490 2215 625 2250; x_wconf 79' lang='grc' dir='ltr'>προτέρου</span> <span class='ocrx_word' id='word_1_384' title='bbox 647 2214 749 2250; x_wconf 66' lang='grc' dir='ltr'>ἅψηται</span> <span class='ocrx_word' id='word_1_385' title='bbox 766 2213 858 2249; x_wconf 77' lang='grc' dir='ltr'>ἔργου,</span> 
     </span>
    </p>
   </div>
   <div class='ocr_carea' id='block_1_51' title="bbox 67 2260 860 2296">
    <p class='ocr_par' dir='ltr' id='par_1_51' title="bbox 67 2260 860 2296">
     <span class='ocr_line' id='line_1_51' title="bbox 67 2260 860 2296; baseline 0.001 -10"><span class='ocrx_word' id='word_1_386' title='bbox 67 2262 224 2294; x_wconf 75' lang='grc' dir='ltr'>τηνικαῦτα</span> <span class='ocrx_word' id='word_1_387' title='bbox 243 2262 290 2288; x_wconf 81' lang='grc' dir='ltr'>καὶ</span> <span class='ocrx_word' id='word_1_388' title='bbox 308 2262 389 2293; x_wconf 45' lang='lat' dir='ltr'><strong>ac»;</strong></span> <span class='ocrx_word' id='word_1_389' title='bbox 404 2261 458 2288; x_wconf 84' lang='grc' dir='ltr'><strong>τῶν</strong></span> <span class='ocrx_word' id='word_1_390' title='bbox 477 2260 651 2296; x_wconf 81' lang='grc' dir='ltr'>στρατιωτῶν</span> <span class='ocrx_word' id='word_1_391' title='bbox 675 2261 774 2296; x_wconf 71' lang='grc' dir='ltr'>μικρὸν</span> <span class='ocrx_word' id='word_1_392' title='bbox 793 2261 860 2287; x_wconf 85' lang='grc' dir='ltr'>ἀνα-</span> 
     </span>
    </p>
   </div>
   <div class='ocr_carea' id='block_1_52' title="bbox 69 2306 861 2341">
    <p class='ocr_par' dir='ltr' id='par_1_52' title="bbox 69 2306 861 2341">
     <span class='ocr_line' id='line_1_52' title="bbox 69 2306 861 2341; baseline 0.004 -10"><span class='ocrx_word' id='word_1_393' title='bbox 69 2307 272 2340; x_wconf 68' lang='grc' dir='ltr'>παυσαμένων,</span> <span class='ocrx_word' id='word_1_394' title='bbox 296 2307 343 2333; x_wconf 77' lang='grc' dir='ltr'><strong>καὶ</strong></span> <span class='ocrx_word' id='word_1_395' title='bbox 368 2306 422 2333; x_wconf 88' lang='grc' dir='ltr'><strong>τῶν</strong></span> <span class='ocrx_word' id='word_1_396' title='bbox 450 2307 541 2333; x_wconf 83' lang='grc' dir='ltr'>ἵππων</span> <span class='ocrx_word' id='word_1_397' title='bbox 565 2307 611 2333; x_wconf 78' lang='grc' dir='ltr'>καὶ</span> <span class='ocrx_word' id='word_1_398' title='bbox 628 2307 784 2341; x_wconf 77' lang='grc' dir='ltr'>ὑποζυγίων</span> <span class='ocrx_word' id='word_1_399' title='bbox 799 2306 861 2334; x_wconf 83' lang='grc' dir='ltr'>πιό-</span> 
     </span>
    </p>
   </div>
   <div class='ocr_carea' id='block_1_53' title="bbox 69 2351 859 2388">
    <p class='ocr_par' dir='ltr' id='par_1_53' title="bbox 69 2351 859 2388">
     <span class='ocr_line' id='line_1_53' title="bbox 69 2351 859 2388; baseline 0.001 -11"><span class='ocrx_word' id='word_1_400' title='bbox 69 2360 126 2377; x_wconf 65' lang='grc' dir='ltr'><strong>νων</strong></span> <span class='ocrx_word' id='word_1_401' title='bbox 142 2351 266 2379; x_wconf 77' lang='grc' dir='ltr'>ἐντεῦθεν</span> <span class='ocrx_word' id='word_1_402' title='bbox 277 2352 440 2387; x_wconf 71' lang='grc' dir='ltr'>γεγονότων,</span> <span class='ocrx_word' id='word_1_403' title='bbox 459 2352 519 2387; x_wconf 88' lang='grc' dir='ltr'>μετ’</span> <span class='ocrx_word' id='word_1_404' title='bbox 549 2353 580 2379; x_wconf 79' lang='grc' dir='ltr'>οὐ</span> <span class='ocrx_word' id='word_1_405' title='bbox 597 2352 663 2379; x_wconf 78' lang='grc' dir='ltr'>πολὺ</span> <span class='ocrx_word' id='word_1_406' title='bbox 680 2352 859 2388; x_wconf 86' lang='grc' dir='ltr'>σφοδρότερον</span> 
     </span>
    </p>
   </div>
   <div class='ocr_carea' id='block_1_54' title="bbox 69 2398 859 2433">
    <p class='ocr_par' dir='ltr' id='par_1_54' title="bbox 69 2398 859 2433">
     <span class='ocr_line' id='line_1_54' title="bbox 69 2398 859 2433; baseline 0 -9"><span class='ocrx_word' id='word_1_407' title='bbox 69 2398 119 2424; x_wconf 77' lang='grc' dir='ltr'>τοῦ</span> <span class='ocrx_word' id='word_1_408' title='bbox 149 2399 207 2425; x_wconf 82' lang='grc' dir='ltr'>κατ’</span> <span class='ocrx_word' id='word_1_409' title='bbox 235 2399 325 2425; x_wconf 80' lang='grc' dir='ltr'>αὐτῶν</span> <span class='ocrx_word' id='word_1_410' title='bbox 343 2398 446 2433; x_wconf 58' lang='grc' dir='ltr'>ἅψηται</span> <span class='ocrx_word' id='word_1_411' title='bbox 470 2398 600 2433; x_wconf 79' lang='grc' dir='ltr'>πολέμου,</span> <span class='ocrx_word' id='word_1_412' title='bbox 631 2399 679 2425; x_wconf 65' lang='grc' dir='ltr'>καὶ</span> <span class='ocrx_word' id='word_1_413' title='bbox 704 2398 754 2432; x_wconf 79' lang='grc' dir='ltr'>τῆς</span> <span class='ocrx_word' id='word_1_414' title='bbox 771 2398 859 2433; x_wconf 85' lang='grc' dir='ltr'>μάχης</span> 
     </span>
    </p>
   </div>
   <div class='ocr_carea' id='block_1_55' title="bbox 70 2444 859 2481">
    <p class='ocr_par' dir='ltr' id='par_1_55' title="bbox 70 2444 859 2481">
     <span class='ocr_line' id='line_1_55' title="bbox 70 2444 859 2481; baseline -0.003 -9"><span class='ocrx_word' id='word_1_415' title='bbox 70 2445 214 2481; x_wconf 55' lang='grc' dir='ltr'>καρτερῶς</span> <span class='ocrx_word' id='word_1_416' title='bbox 244 2445 395 2478; x_wconf 66' lang='grc' dir='ltr'>ἀνθέξεται.</span> <span class='ocrx_word' id='word_1_417' title='bbox 423 2445 473 2471; x_wconf 72' lang='grc' dir='ltr'>Διὰ</span> <span class='ocrx_word' id='word_1_418' title='bbox 496 2445 583 2471; x_wconf 83' lang='grc' dir='ltr'>ταῦτα</span> <span class='ocrx_word' id='word_1_419' title='bbox 610 2444 658 2480; x_wconf 82' lang='grc' dir='ltr'>τὴν</span> <span class='ocrx_word' id='word_1_420' title='bbox 673 2445 859 2480; x_wconf 82' lang='grc' dir='ltr'>Νικομήδειαν</span> 
     </span>
    </p>
   </div>
   <div class='ocr_carea' id='block_1_56' title="bbox 72 2489 860 2526">
    <p class='ocr_par' dir='ltr' id='par_1_56' title="bbox 72 2489 860 2526">
     <span class='ocr_line' id='line_1_56' title="bbox 72 2489 860 2526; baseline -0.001 -9"><span class='ocrx_word' id='word_1_421' title='bbox 72 2489 258 2525; x_wconf 72' lang='grc' dir='ltr'>ἀναζητήσας,</span> <span class='ocrx_word' id='word_1_422' title='bbox 274 2491 312 2522; x_wconf 75' lang='grc' dir='ltr'><strong>ὡς</strong></span> <span class='ocrx_word' id='word_1_423' title='bbox 328 2490 446 2526; x_wconf 73' lang='grc' dir='ltr'>εἴρηται,</span> <span class='ocrx_word' id='word_1_424' title='bbox 460 2492 508 2516; x_wconf 63' lang='grc' dir='ltr'><strong>καὶ¹</strong></span> <span class='ocrx_word' id='word_1_425' title='bbox 521 2490 685 2517; x_wconf 64' lang='grc' dir='ltr'>καταλαϐὼν</span> <span class='ocrx_word' id='word_1_426' title='bbox 699 2491 762 2522; x_wconf 79' lang='grc' dir='ltr'>τοὺς</span> <span class='ocrx_word' id='word_1_427' title='bbox 781 2499 860 2517; x_wconf 89' lang='grc' dir='ltr'>συνε-</span> 
     </span>
    </p>
   </div>
   <div class='ocr_carea' id='block_1_57' title="bbox 73 2536 859 2572">
    <p class='ocr_par' dir='ltr' id='par_1_57' title="bbox 73 2536 859 2572">
     <span class='ocr_line' id='line_1_57' title="bbox 73 2536 859 2572; baseline 0 -10"><span class='ocrx_word' id='word_1_428' title='bbox 73 2537 245 2571; x_wconf 70' lang='grc' dir='ltr'>φεπομένους</span> <span class='ocrx_word' id='word_1_429' title='bbox 260 2536 334 2571; x_wconf 84' lang='grc' dir='ltr'>αὐτῷ</span> <span class='ocrx_word' id='word_1_430' title='bbox 352 2537 476 2568; x_wconf 74' lang='grc' dir='ltr'>ἅπαντας</span> <span class='ocrx_word' id='word_1_431' title='bbox 489 2537 543 2563; x_wconf 87' lang='grc' dir='ltr'><strong>τῶν</strong></span> <span class='ocrx_word' id='word_1_432' title='bbox 563 2537 738 2572; x_wconf 79' lang='grc' dir='ltr'>στρατιωτῶν</span> <span class='ocrx_word' id='word_1_433' title='bbox 752 2536 791 2568; x_wconf 83' lang='grc' dir='ltr'><strong>είς</strong></span> <span class='ocrx_word' id='word_1_434' title='bbox 809 2537 859 2568; x_wconf 82' lang='grc' dir='ltr'><strong>τὰς</strong></span> 
     </span>
    </p>
   </div>
   <div class='ocr_carea' id='block_1_58' title="bbox 73 2582 859 2617">
    <p class='ocr_par' dir='ltr' id='par_1_58' title="bbox 73 2582 859 2617">
     <span class='ocr_line' id='line_1_58' title="bbox 73 2582 859 2617; baseline 0 -8"><span class='ocrx_word' id='word_1_435' title='bbox 73 2582 169 2616; x_wconf 69' lang='grc' dir='ltr'>ἐγγύθι</span> <span class='ocrx_word' id='word_1_436' title='bbox 184 2583 356 2617; x_wconf 70' lang='grc' dir='ltr'>κωμοπόλεις</span> <span class='ocrx_word' id='word_1_437' title='bbox 369 2582 511 2614; x_wconf 79' lang='grc' dir='ltr'>κατέθετο,</span> <span class='ocrx_word' id='word_1_438' title='bbox 528 2582 565 2612; x_wconf 82' lang='grc' dir='ltr'>ὡς</span> <span class='ocrx_word' id='word_1_439' title='bbox 580 2582 636 2608; x_wconf 77' lang='grc' dir='ltr'>οἵτε</span> <span class='ocrx_word' id='word_1_440' title='bbox 664 2582 743 2608; x_wconf 79' lang='grc' dir='ltr'>ἵπποι</span> <span class='ocrx_word' id='word_1_441' title='bbox 755 2583 801 2608; x_wconf 82' lang='grc' dir='ltr'>καὶ</span> <span class='ocrx_word' id='word_1_442' title='bbox 825 2583 859 2609; x_wconf 82' lang='grc' dir='ltr'>τὰ</span> 
     </span>
    </p>
   </div>
   <div class='ocr_carea' id='block_1_59' title="bbox 74 2628 859 2665">
    <p class='ocr_par' dir='ltr' id='par_1_59' title="bbox 74 2628 859 2665">
     <span class='ocr_line' id='line_1_59' title="bbox 74 2628 859 2665; baseline 0 -10"><span class='ocrx_word' id='word_1_443' title='bbox 74 2629 211 2663; x_wconf 81' lang='grc' dir='ltr'>ὑποζύγια</span> <span class='ocrx_word' id='word_1_444' title='bbox 224 2629 328 2665; x_wconf 82' lang='grc' dir='ltr'>τροφὴν</span> <span class='ocrx_word' id='word_1_445' title='bbox 355 2629 523 2665; x_wconf 73' lang='grc' dir='ltr'>ἀποχρῶσαν</span> <span class='ocrx_word' id='word_1_446' title='bbox 536 2629 623 2663; x_wconf 73' lang='grc' dir='ltr'>ἔχοιεν</span> <span class='ocrx_word' id='word_1_447' title='bbox 642 2628 702 2663; x_wconf 84' lang='grc' dir='ltr'>(τῆς</span> <span class='ocrx_word' id='word_1_448' title='bbox 733 2628 859 2655; x_wconf 79' lang='grc' dir='ltr'>Βιθυνῶν</span> 
     </span>
    </p>
   </div>
   <div class='ocr_carea' id='block_1_60' title="bbox 74 2674 858 2710">
    <p class='ocr_par' dir='ltr' id='par_1_60' title="bbox 74 2674 858 2710">
     <span class='ocr_line' id='line_1_60' title="bbox 74 2674 858 2710; baseline 0 -10"><span class='ocrx_word' id='word_1_449' title='bbox 74 2677 124 2710; x_wconf 76' lang='grc' dir='ltr'>γῆς</span> <span class='ocrx_word' id='word_1_450' title='bbox 135 2675 219 2702; x_wconf 85' lang='grc' dir='ltr'>πολὺν</span> <span class='ocrx_word' id='word_1_451' title='bbox 237 2675 282 2702; x_wconf 78' lang='grc' dir='ltr'>τὸν</span> <span class='ocrx_word' id='word_1_452' title='bbox 294 2675 393 2710; x_wconf 73' lang='grc' dir='ltr'>χόρτον</span> <span class='ocrx_word' id='word_1_453' title='bbox 409 2675 601 2709; x_wconf 82' lang='grc' dir='ltr'>ἀναδιδούσης)</span> <span class='ocrx_word' id='word_1_454' title='bbox 624 2675 671 2701; x_wconf 80' lang='grc' dir='ltr'>καὶ</span> <span class='ocrx_word' id='word_1_455' title='bbox 691 2674 770 2701; x_wconf 78' lang='grc' dir='ltr'>αὐτοὶ</span> <span class='ocrx_word' id='word_1_456' title='bbox 786 2674 815 2701; x_wconf 82' lang='grc' dir='ltr'>δὲ</span> <span class='ocrx_word' id='word_1_457' title='bbox 835 2676 858 2701; x_wconf 87' lang='grc' dir='ltr'>οἱ</span> 
     </span>
    </p>
   </div>
   <div class='ocr_carea' id='block_1_61' title="bbox 76 2721 858 2757">
    <p class='ocr_par' dir='ltr' id='par_1_61' title="bbox 76 2721 858 2757">
     <span class='ocr_line' id='line_1_61' title="bbox 76 2721 858 2757; baseline -0.001 -10"><span class='ocrx_word' id='word_1_458' title='bbox 76 2722 242 2757; x_wconf 82' lang='grc' dir='ltr'>στρατιῶται</span> <span class='ocrx_word' id='word_1_459' title='bbox 261 2722 360 2757; x_wconf 76' lang='grc' dir='ltr'>ῥᾳδίως</span> <span class='ocrx_word' id='word_1_460' title='bbox 378 2722 432 2747; x_wconf 79' lang='grc' dir='ltr'><strong>ἀπό</strong></span> <span class='ocrx_word' id='word_1_461' title='bbox 444 2730 474 2748; x_wconf 87' lang='grc' dir='ltr'><strong>τε</strong></span> <span class='ocrx_word' id='word_1_462' title='bbox 493 2722 542 2755; x_wconf 67' lang='grc' dir='ltr'>τῆς</span> <span class='ocrx_word' id='word_1_463' title='bbox 558 2721 717 2752; x_wconf 79' lang='grc' dir='ltr'>Βυζαντίίος</span> <span class='ocrx_word' id='word_1_464' title='bbox 732 2721 778 2747; x_wconf 73' lang='grc' dir='ltr'>καὶ</span> <span class='ocrx_word' id='word_1_465' title='bbox 804 2721 858 2746; x_wconf 84' lang='grc' dir='ltr'><strong>τῶν</strong></span> 
     </span>
    </p>
   </div>
   <div class='ocr_carea' id='block_1_62' title="bbox 77 2767 859 2804">
    <p class='ocr_par' dir='ltr' id='par_1_62' title="bbox 77 2767 859 2804">
     <span class='ocr_line' id='line_1_62' title="bbox 77 2767 859 2804; baseline -0.001 -9"><span class='ocrx_word' id='word_1_466' title='bbox 77 2769 153 2804; x_wconf 77' lang='grc' dir='ltr'>πέριξ</span> <span class='ocrx_word' id='word_1_467' title='bbox 165 2769 210 2795; x_wconf 70' lang='grc' dir='ltr'><strong>διὰ</strong></span> <span class='ocrx_word' id='word_1_468' title='bbox 230 2769 277 2795; x_wconf 76' lang='grc' dir='ltr'>τοῦ</span> <span class='ocrx_word' id='word_1_469' title='bbox 294 2769 501 2804; x_wconf 77' lang='grc' dir='ltr'>παρακειμένου</span> <span class='ocrx_word' id='word_1_470' title='bbox 527 2768 627 2794; x_wconf 74' lang='grc' dir='ltr'>κόλπου</span> <span class='ocrx_word' id='word_1_471' title='bbox 644 2768 808 2802; x_wconf 81' lang='grc' dir='ltr'>ἀποχρῶντα</span> <span class='ocrx_word' id='word_1_472' title='bbox 824 2767 859 2794; x_wconf 76' lang='grc' dir='ltr'><strong>τὰ</strong></span> 
     </span>
    </p>
   </div>
   <div class='ocr_carea' id='block_1_63' title="bbox 76 2814 858 2852">
    <p class='ocr_par' dir='ltr' id='par_1_63' title="bbox 76 2814 858 2852">
     <span class='ocr_line' id='line_1_63' title="bbox 76 2814 858 2852; baseline -0.004 -9"><span class='ocrx_word' id='word_1_473' title='bbox 76 2816 143 2852; x_wconf 72' lang='grc' dir='ltr'>’πρὸς</span> <span class='ocrx_word' id='word_1_474' title='bbox 171 2816 267 2852; x_wconf 87' lang='grc' dir='ltr'>χρείαν</span> <span class='ocrx_word' id='word_1_475' title='bbox 294 2815 458 2851; x_wconf 77' lang='grc' dir='ltr'>κομίζοιντο,</span> <span class='ocrx_word' id='word_1_476' title='bbox 493 2814 649 2850; x_wconf 68' lang='grc' dir='ltr'>ἐπισκήψας</span> <span class='ocrx_word' id='word_1_477' title='bbox 686 2815 778 2846; x_wconf 74' lang='grc' dir='ltr'>αὐτοῖς</span> <span class='ocrx_word' id='word_1_478' title='bbox 811 2814 858 2850; x_wconf 74' lang='grc' dir='ltr'>ὅλῃ</span> 
     </span>
    </p>
   </div>
   <div class='ocr_carea' id='block_1_64' title="bbox 955 603 1707 635">
    <p class='ocr_par' dir='ltr' id='par_1_64' title="bbox 955 603 1707 635">
     <span class='ocr_line' id='line_1_64' title="bbox 955 603 1707 635; baseline -0.001 -3"><span class='ocrx_word' id='word_1_479' title='bbox 955 604 1013 632; x_wconf 84' lang='lat' dir='ltr'><strong>Non</strong></span> <span class='ocrx_word' id='word_1_480' title='bbox 1036 604 1082 631; x_wconf 91' lang='lat' dir='ltr'><strong>diu</strong></span> <span class='ocrx_word' id='word_1_481' title='bbox 1095 604 1150 630; x_wconf 94' lang='lat' dir='ltr'><strong>illic</strong></span> <span class='ocrx_word' id='word_1_482' title='bbox 1176 603 1277 635; x_wconf 80' lang='lat' dir='ltr'><strong>fuerat,</strong></span> <span class='ocrx_word' id='word_1_483' title='bbox 1294 611 1356 630; x_wconf 92' lang='lat' dir='ltr'><strong>cutn</strong></span> <span class='ocrx_word' id='word_1_484' title='bbox 1386 603 1546 629; x_wconf 83' lang='lat' dir='ltr'><strong>admonetur</strong></span> <span class='ocrx_word' id='word_1_485' title='bbox 1559 603 1707 631; x_wconf 86' lang='lat' dir='ltr'><strong>Turcicttm</strong></span> 
     </span>
    </p>
   </div>
   <div class='ocr_carea' id='block_1_65' title="bbox 919 650 1708 686">
    <p class='ocr_par' dir='ltr' id='par_1_65' title="bbox 919 650 1708 686">
     <span class='ocr_line' id='line_1_65' title="bbox 919 650 1708 686; baseline 0 -7"><span class='ocrx_word' id='word_1_486' title='bbox 919 651 1073 679; x_wconf 81' lang='lat' dir='ltr'><strong>exercitum</strong></span> <span class='ocrx_word' id='word_1_487' title='bbox 1102 658 1279 686; x_wconf 76' lang='lat' dir='ltr'><strong>permagnum</strong></span> <span class='ocrx_word' id='word_1_488' title='bbox 1300 651 1447 678; x_wconf 77' lang='lat' dir='ltr'><strong>admovere</strong></span> <span class='ocrx_word' id='word_1_489' title='bbox 1468 657 1498 678; x_wconf 88' lang='lat' dir='ltr'><strong>se</strong></span> <span class='ocrx_word' id='word_1_490' title='bbox 1525 650 1634 678; x_wconf 64' lang='lat' dir='ltr'><strong>Nicaeae.</strong></span> <span class='ocrx_word' id='word_1_491' title='bbox 1651 651 1708 680; x_wconf 87' lang='lat' dir='ltr'><strong>Hoc</strong></span> 
     </span>
    </p>
   </div>
   <div class='ocr_carea' id='block_1_66' title="bbox 918 697 1749 733">
    <p class='ocr_par' dir='ltr' id='par_1_66' title="bbox 918 697 1749 733">
     <span class='ocr_line' id='line_1_66' title="bbox 918 697 1749 733; baseline 0 -9"><span class='ocrx_word' id='word_1_492' title='bbox 918 699 1019 730; x_wconf 84' lang='lat' dir='ltr'><strong>audito,</strong></span> <span class='ocrx_word' id='word_1_493' title='bbox 1034 706 1094 724; x_wconf 92' lang='lat' dir='ltr'><strong>cum</strong></span> <span class='ocrx_word' id='word_1_494' title='bbox 1111 698 1197 732; x_wconf 88' lang='lat' dir='ltr'><strong>copiis</strong></span> <span class='ocrx_word' id='word_1_495' title='bbox 1215 698 1247 725; x_wconf 86' lang='lat' dir='ltr'><strong>ad</strong></span> <span class='ocrx_word' id='word_1_496' title='bbox 1264 697 1341 724; x_wconf 83' lang='lat' dir='ltr'><strong>Cium</strong></span> <span class='ocrx_word' id='word_1_497' title='bbox 1360 697 1454 724; x_wconf 84' lang='lat' dir='ltr'><strong>tendit.</strong></span> <span class='ocrx_word' id='word_1_498' title='bbox 1469 697 1520 724; x_wconf 86' lang='lat' dir='ltr'><strong>Per</strong></span> <span class='ocrx_word' id='word_1_499' title='bbox 1535 701 1643 724; x_wconf 87' lang='lat' dir='ltr'><strong>noctem</strong></span> <span class='ocrx_word' id='word_1_500' title='bbox 1655 705 1708 733; x_wconf 87' lang='lat' dir='ltr'><strong>qua</strong></span> 
     </span>
    </p>
   </div>
   <div class='ocr_carea' id='block_1_67' title="bbox 920 742 1708 777">
    <p class='ocr_par' dir='ltr' id='par_1_67' title="bbox 920 742 1708 777">
     <span class='ocr_line' id='line_1_67' title="bbox 920 742 1708 777; baseline -0.001 -7"><span class='ocrx_word' id='word_1_501' title='bbox 920 744 957 770; x_wconf 88' lang='lat' dir='ltr'><strong>ibi</strong></span> <span class='ocrx_word' id='word_1_502' title='bbox 975 743 1034 776; x_wconf 88' lang='lat' dir='ltr'><strong>fuit,</strong></span> <span class='ocrx_word' id='word_1_503' title='bbox 1055 744 1130 770; x_wconf 88' lang='lat' dir='ltr'><strong>tuulti</strong></span> <span class='ocrx_word' id='word_1_504' title='bbox 1146 743 1260 770; x_wconf 81' lang='lat' dir='ltr'><strong>subinde</strong></span> <span class='ocrx_word' id='word_1_505' title='bbox 1280 743 1393 770; x_wconf 85' lang='lat' dir='ltr'><strong>alIluunt</strong></span> <span class='ocrx_word' id='word_1_506' title='bbox 1416 742 1501 769; x_wconf 89' lang='lat' dir='ltr'><strong>nttntii</strong></span> <span class='ocrx_word' id='word_1_507' title='bbox 1513 762 1520 774; x_wconf 89' lang='lat'><strong>,</strong></span> <span class='ocrx_word' id='word_1_508' title='bbox 1532 743 1576 777; x_wconf 89' lang='lat' dir='ltr'><strong>qtti</strong></span> <span class='ocrx_word' id='word_1_509' title='bbox 1594 743 1708 770; x_wconf 84' lang='lat' dir='ltr'><strong>doceant</strong></span> 
     </span>
    </p>
   </div>
   <div class='ocr_carea' id='block_1_68' title="bbox 885 788 1705 824">
    <p class='ocr_par' dir='ltr' id='par_1_68' title="bbox 885 788 1705 824">
     <span class='ocr_line' id='line_1_68' title="bbox 885 788 1705 824; baseline -0.002 -6"><span class='ocrx_word' id='word_1_510' title='bbox 885 791 904 818; x_wconf 86' lang='grc' dir='ltr'><strong><em>Β</em></strong></span> <span class='ocrx_word' id='word_1_511' title='bbox 921 790 1142 824; x_wconf 81' lang='lat' dir='ltr'><strong>appropinquare</strong></span> <span class='ocrx_word' id='word_1_512' title='bbox 1166 789 1265 816; x_wconf 68' lang='lat' dir='ltr'><strong>Nicaea:</strong></span> <span class='ocrx_word' id='word_1_513' title='bbox 1289 789 1405 822; x_wconf 86' lang='lat' dir='ltr'><strong>Turcos,</strong></span> <span class='ocrx_word' id='word_1_514' title='bbox 1437 794 1519 822; x_wconf 85' lang='lat' dir='ltr'><strong>atque</strong></span> <span class='ocrx_word' id='word_1_515' title='bbox 1546 788 1615 816; x_wconf 83' lang='lat' dir='ltr'><strong>adeo</strong></span> <span class='ocrx_word' id='word_1_516' title='bbox 1649 788 1705 823; x_wconf 85' lang='lat' dir='ltr'><strong>jam</strong></span> 
     </span>
    </p>
   </div>
   <div class='ocr_carea' id='block_1_69' title="bbox 919 834 1705 868">
    <p class='ocr_par' dir='ltr' id='par_1_69' title="bbox 919 834 1705 868">
     <span class='ocr_line' id='line_1_69' title="bbox 919 834 1705 868; baseline -0.003 -6"><span class='ocrx_word' id='word_1_517' title='bbox 919 837 1060 862; x_wconf 84' lang='lat' dir='ltr'><strong>adfuturos</strong></span> <span class='ocrx_word' id='word_1_518' title='bbox 1077 836 1172 863; x_wconf 77' lang='lat' dir='ltr'><strong>videri.</strong></span> <span class='ocrx_word' id='word_1_519' title='bbox 1190 835 1255 862; x_wconf 88' lang='lat' dir='ltr'><strong>Sitte</strong></span> <span class='ocrx_word' id='word_1_520' title='bbox 1270 843 1342 862; x_wconf 75' lang='lat' dir='ltr'><strong>tttot&#39;a</strong></span> <span class='ocrx_word' id='word_1_521' title='bbox 1362 835 1510 868; x_wconf 87' lang='lat' dir='ltr'><strong>imperator</strong></span> <span class='ocrx_word' id='word_1_522' title='bbox 1525 836 1581 862; x_wconf 73' lang='lat' dir='ltr'><strong>haee</strong></span> <span class='ocrx_word' id='word_1_523' title='bbox 1593 834 1705 861; x_wconf 86' lang='lat' dir='ltr'><strong>audiens</strong></span> 
     </span>
    </p>
   </div>
   <div class='ocr_carea' id='block_1_70' title="bbox 917 879 1706 917">
    <p class='ocr_par' dir='ltr' id='par_1_70' title="bbox 917 879 1706 917">
     <span class='ocr_line' id='line_1_70' title="bbox 917 879 1706 917; baseline -0.004 -8"><span class='ocrx_word' id='word_1_524' title='bbox 917 881 998 917; x_wconf 69' lang='grc'><strong>465</strong></span> <span class='ocrx_word' id='word_1_525' title='bbox 1013 889 1060 916; x_wconf 92' lang='lat' dir='ltr'><strong>per</strong></span> <span class='ocrx_word' id='word_1_526' title='bbox 1087 881 1170 916; x_wconf 82' lang='lat' dir='ltr'><strong>ipsam</strong></span> <span class='ocrx_word' id='word_1_527' title='bbox 1189 881 1306 908; x_wconf 72' lang='lat' dir='ltr'><strong>Nicazant</strong></span> <span class='ocrx_word' id='word_1_528' title='bbox 1330 888 1414 915; x_wconf 88' lang='lat' dir='ltr'><strong>usque</strong></span> <span class='ocrx_word' id='word_1_529' title='bbox 1428 880 1461 906; x_wconf 91' lang='lat' dir='ltr'><strong>ad</strong></span> <span class='ocrx_word' id='word_1_530' title='bbox 1476 879 1620 907; x_wconf 85' lang='lat' dir='ltr'><strong>Miscuram</strong></span> <span class='ocrx_word' id='word_1_531' title='bbox 1641 885 1706 913; x_wconf 91' lang='lat' dir='ltr'><strong>pro-</strong></span> 
     </span>
    </p>
   </div>
   <div class='ocr_carea' id='block_1_71' title="bbox 918 926 1704 962">
    <p class='ocr_par' dir='ltr' id='par_1_71' title="bbox 918 926 1704 962">
     <span class='ocr_line' id='line_1_71' title="bbox 918 926 1704 962; baseline -0.004 -8"><span class='ocrx_word' id='word_1_532' title='bbox 918 927 1052 962; x_wconf 72' lang='lat' dir='ltr'><strong>greditur,</strong></span> <span class='ocrx_word' id='word_1_533' title='bbox 1069 927 1114 954; x_wconf 88' lang='lat' dir='ltr'><strong>ubi</strong></span> <span class='ocrx_word' id='word_1_534' title='bbox 1131 928 1246 954; x_wconf 86' lang='lat' dir='ltr'><strong>certiora</strong></span> <span class='ocrx_word' id='word_1_535' title='bbox 1265 927 1299 954; x_wconf 85' lang='lat' dir='ltr'><strong>de</strong></span> <span class='ocrx_word' id='word_1_536' title='bbox 1324 927 1448 954; x_wconf 85' lang='lat' dir='ltr'><strong>hostibus</strong></span> <span class='ocrx_word' id='word_1_537' title='bbox 1472 926 1625 961; x_wconf 79' lang='lat' dir='ltr'><strong>cognoscit;</strong></span> <span class='ocrx_word' id='word_1_538' title='bbox 1647 926 1704 952; x_wconf 71' lang='lat' dir='ltr'><strong>lucc</strong></span> 
     </span>
    </p>
   </div>
   <div class='ocr_carea' id='block_1_72' title="bbox 918 972 1705 1006">
    <p class='ocr_par' dir='ltr' id='par_1_72' title="bbox 918 972 1705 1006">
     <span class='ocr_line' id='line_1_72' title="bbox 918 972 1705 1006; baseline -0.004 -6"><span class='ocrx_word' id='word_1_539' title='bbox 918 981 1014 1006; x_wconf 84' lang='lat' dir='ltr'><strong>nempe</strong></span> <span class='ocrx_word' id='word_1_540' title='bbox 1027 993 1034 1006; x_wconf 91' lang='lat'><strong>,</strong></span> <span class='ocrx_word' id='word_1_541' title='bbox 1050 974 1168 1000; x_wconf 89' lang='lat' dir='ltr'><strong>noudutu</strong></span> <span class='ocrx_word' id='word_1_542' title='bbox 1198 973 1341 1000; x_wconf 80' lang='lat' dir='ltr'><strong>advenisse</strong></span> <span class='ocrx_word' id='word_1_543' title='bbox 1358 977 1441 999; x_wconf 89' lang='lat' dir='ltr'><strong>totntn</strong></span> <span class='ocrx_word' id='word_1_544' title='bbox 1468 973 1616 999; x_wconf 83' lang='lat' dir='ltr'><strong>exercitum</strong></span> <span class='ocrx_word' id='word_1_545' title='bbox 1633 972 1705 999; x_wconf 53' lang='lat' dir='ltr'><strong>Tur-</strong></span> 
     </span>
    </p>
   </div>
   <div class='ocr_carea' id='block_1_73' title="bbox 917 1020 1703 1054">
    <p class='ocr_par' dir='ltr' id='par_1_73' title="bbox 917 1020 1703 1054">
     <span class='ocr_line' id='line_1_73' title="bbox 917 1020 1703 1054; baseline 0.001 -8"><span class='ocrx_word' id='word_1_546' title='bbox 917 1028 1024 1051; x_wconf 88' lang='lat' dir='ltr'><strong>corum,</strong></span> <span class='ocrx_word' id='word_1_547' title='bbox 1044 1020 1091 1046; x_wconf 85' lang='lat' dir='ltr'><strong>sed</strong></span> <span class='ocrx_word' id='word_1_548' title='bbox 1105 1026 1206 1054; x_wconf 86' lang='lat' dir='ltr'><strong>paucos</strong></span> <span class='ocrx_word' id='word_1_549' title='bbox 1224 1022 1329 1046; x_wconf 86' lang='lat' dir='ltr'><strong>tantum</strong></span> <span class='ocrx_word' id='word_1_550' title='bbox 1344 1026 1438 1046; x_wconf 91' lang='lat' dir='ltr'><strong>eorum</strong></span> <span class='ocrx_word' id='word_1_551' title='bbox 1452 1020 1607 1053; x_wconf 67' lang='lat' dir='ltr'><strong>pta&#39;emissos</strong></span> <span class='ocrx_word' id='word_1_552' title='bbox 1619 1027 1633 1046; x_wconf 88' lang='lat' dir='ltr'><strong>a</strong></span> <span class='ocrx_word' id='word_1_553' title='bbox 1646 1020 1703 1047; x_wconf 74' lang='lat' dir='ltr'><strong>Mo-</strong></span> 
     </span>
    </p>
   </div>
   <div class='ocr_carea' id='block_1_74' title="bbox 918 1065 1702 1100">
    <p class='ocr_par' dir='ltr' id='par_1_74' title="bbox 918 1065 1702 1100">
     <span class='ocr_line' id='line_1_74' title="bbox 918 1065 1702 1100; baseline 0.003 -8"><span class='ocrx_word' id='word_1_554' title='bbox 918 1066 1014 1100; x_wconf 84' lang='lat' dir='ltr'><strong>nolyco</strong></span> <span class='ocrx_word' id='word_1_555' title='bbox 1054 1065 1154 1092; x_wconf 86' lang='lat' dir='ltr'><strong>morari</strong></span> <span class='ocrx_word' id='word_1_556' title='bbox 1189 1065 1263 1092; x_wconf 89' lang='lat' dir='ltr'><strong>circa</strong></span> <span class='ocrx_word' id='word_1_557' title='bbox 1300 1065 1422 1100; x_wconf 85' lang='lat' dir='ltr'><strong>Dolylutn</strong></span> <span class='ocrx_word' id='word_1_558' title='bbox 1441 1071 1467 1093; x_wconf 89' lang='lat' dir='ltr'><strong>ct</strong></span> <span class='ocrx_word' id='word_1_559' title='bbox 1485 1071 1576 1099; x_wconf 83' lang='lat' dir='ltr'><strong>partes</strong></span> <span class='ocrx_word' id='word_1_560' title='bbox 1606 1065 1702 1094; x_wconf 69' lang='lat' dir='ltr'><strong>Nirzeaa</strong></span> 
     </span>
    </p>
   </div>
   <div class='ocr_carea' id='block_1_75' title="bbox 916 1110 1704 1144">
    <p class='ocr_par' dir='ltr' id='par_1_75' title="bbox 916 1110 1704 1144">
     <span class='ocr_line' id='line_1_75' title="bbox 916 1110 1704 1144; baseline 0.003 -8"><span class='ocrx_word' id='word_1_561' title='bbox 916 1113 1008 1137; x_wconf 86' lang='lat' dir='ltr'><strong>animo</strong></span> <span class='ocrx_word' id='word_1_562' title='bbox 1026 1111 1182 1144; x_wconf 82' lang='lat' dir='ltr'><strong>speculandi</strong></span> <span class='ocrx_word' id='word_1_563' title='bbox 1198 1110 1345 1137; x_wconf 77' lang='lat' dir='ltr'><strong>adventum</strong></span> <span class='ocrx_word' id='word_1_564' title='bbox 1358 1111 1542 1144; x_wconf 83' lang='lat' dir='ltr'><strong>imperatoris,</strong></span> <span class='ocrx_word' id='word_1_565' title='bbox 1564 1112 1704 1139; x_wconf 88' lang='lat' dir='ltr'><strong>mittendi-</strong></span> 
     </span>
    </p>
   </div>
   <div class='ocr_carea' id='block_1_76' title="bbox 917 1156 1703 1192">
    <p class='ocr_par' dir='ltr' id='par_1_76' title="bbox 917 1156 1703 1192">
     <span class='ocr_line' id='line_1_76' title="bbox 917 1156 1703 1192; baseline 0.001 -9"><span class='ocrx_word' id='word_1_566' title='bbox 917 1164 969 1191; x_wconf 87' lang='lat' dir='ltr'><strong>que</strong></span> <span class='ocrx_word' id='word_1_567' title='bbox 985 1157 1061 1184; x_wconf 92' lang='lat' dir='ltr'><strong>illinc</strong></span> <span class='ocrx_word' id='word_1_568' title='bbox 1080 1157 1112 1184; x_wconf 86' lang='lat' dir='ltr'><strong>ad</strong></span> <span class='ocrx_word' id='word_1_569' title='bbox 1129 1156 1297 1192; x_wconf 87' lang='lat' dir='ltr'><strong>Monolycum</strong></span> <span class='ocrx_word' id='word_1_570' title='bbox 1309 1156 1467 1190; x_wconf 90' lang='lat' dir='ltr'><strong>quotidiana</strong></span> <span class='ocrx_word' id='word_1_571' title='bbox 1480 1158 1512 1184; x_wconf 86' lang='lat' dir='ltr'><strong>de</strong></span> <span class='ocrx_word' id='word_1_572' title='bbox 1529 1157 1574 1183; x_wconf 89' lang='lat' dir='ltr'><strong>illo</strong></span> <span class='ocrx_word' id='word_1_573' title='bbox 1588 1157 1703 1188; x_wconf 73' lang='lat' dir='ltr'><strong>itttlicia.,</strong></span> 
     </span>
    </p>
   </div>
   <div class='ocr_carea' id='block_1_77' title="bbox 917 1201 1700 1238">
    <p class='ocr_par' dir='ltr' id='par_1_77' title="bbox 917 1201 1700 1238">
     <span class='ocr_line' id='line_1_77' title="bbox 917 1201 1700 1238; baseline 0.003 -9"><span class='ocrx_word' id='word_1_574' title='bbox 917 1203 964 1230; x_wconf 82' lang='lat' dir='ltr'><strong>liis</strong></span> <span class='ocrx_word' id='word_1_575' title='bbox 975 1203 1112 1238; x_wconf 75' lang='lat' dir='ltr'><strong>Augustus</strong></span> <span class='ocrx_word' id='word_1_576' title='bbox 1125 1202 1272 1237; x_wconf 84' lang='lat' dir='ltr'><strong>compertis</strong></span> <span class='ocrx_word' id='word_1_577' title='bbox 1296 1201 1414 1229; x_wconf 83' lang='lat' dir='ltr'><strong>Leonem</strong></span> <span class='ocrx_word' id='word_1_578' title='bbox 1430 1202 1578 1230; x_wconf 71' lang='lat' dir='ltr'><strong>Nieeritam</strong></span> <span class='ocrx_word' id='word_1_579' title='bbox 1591 1210 1652 1230; x_wconf 89' lang='lat' dir='ltr'><strong>ctttn</strong></span> <span class='ocrx_word' id='word_1_580' title='bbox 1669 1211 1700 1231; x_wconf 88' lang='lat' dir='ltr'><strong>ea</strong></span> 
     </span>
    </p>
   </div>
   <div class='ocr_carea' id='block_1_78' title="bbox 916 1248 1700 1283">
    <p class='ocr_par' dir='ltr' id='par_1_78' title="bbox 916 1248 1700 1283">
     <span class='ocr_line' id='line_1_78' title="bbox 916 1248 1700 1283; baseline -0.001 -8"><span class='ocrx_word' id='word_1_581' title='bbox 916 1248 1056 1283; x_wconf 88' lang='lat' dir='ltr'><strong>copiarum</strong></span> <span class='ocrx_word' id='word_1_582' title='bbox 1071 1254 1148 1282; x_wconf 83' lang='lat' dir='ltr'><strong>parte</strong></span> <span class='ocrx_word' id='word_1_583' title='bbox 1164 1249 1284 1283; x_wconf 79' lang='grc' dir='ltr'><strong>(ιυωίῃεί</strong></span> <span class='ocrx_word' id='word_1_584' title='bbox 1301 1249 1421 1281; x_wconf 87' lang='lat' dir='ltr'><strong>suberat,</strong></span> <span class='ocrx_word' id='word_1_585' title='bbox 1435 1248 1585 1283; x_wconf 60' lang='lat' dir='ltr'><strong>Lupi-dium</strong></span> <span class='ocrx_word' id='word_1_586' title='bbox 1607 1248 1700 1281; x_wconf 87' lang='lat' dir='ltr'><strong>mittit,</strong></span> 
     </span>
    </p>
   </div>
   <div class='ocr_carea' id='block_1_79' title="bbox 917 1294 1702 1329">
    <p class='ocr_par' dir='ltr' id='par_1_79' title="bbox 917 1294 1702 1329">
     <span class='ocr_line' id='line_1_79' title="bbox 917 1294 1702 1329; baseline -0.004 -6"><span class='ocrx_word' id='word_1_587' title='bbox 917 1303 980 1323; x_wconf 84' lang='lat' dir='ltr'><strong>cum</strong></span> <span class='ocrx_word' id='word_1_588' title='bbox 1013 1294 1150 1323; x_wconf 85' lang='lat' dir='ltr'><strong>mandatis</strong></span> <span class='ocrx_word' id='word_1_589' title='bbox 1179 1295 1314 1322; x_wconf 86' lang='lat' dir='ltr'><strong>accuratis</strong></span> <span class='ocrx_word' id='word_1_590' title='bbox 1332 1294 1460 1329; x_wconf 77' lang='lat' dir='ltr'><strong>vigilandi</strong></span> <span class='ocrx_word' id='word_1_591' title='bbox 1479 1295 1589 1326; x_wconf 82' lang='lat' dir='ltr'><strong>acriter,</strong></span> <span class='ocrx_word' id='word_1_592' title='bbox 1608 1299 1702 1321; x_wconf 85' lang='lat' dir='ltr'><strong>custo-</strong></span> 
     </span>
    </p>
   </div>
   <div class='ocr_carea' id='block_1_80' title="bbox 919 1340 1702 1376">
    <p class='ocr_par' dir='ltr' id='par_1_80' title="bbox 919 1340 1702 1376">
     <span class='ocr_line' id='line_1_80' title="bbox 919 1340 1702 1376; baseline -0.001 -8"><span class='ocrx_word' id='word_1_593' title='bbox 919 1341 1068 1376; x_wconf 84' lang='lat' dir='ltr'><strong>diendique</strong></span> <span class='ocrx_word' id='word_1_594' title='bbox 1081 1341 1189 1372; x_wconf 87' lang='lat' dir='ltr'><strong>itinera,</strong></span> <span class='ocrx_word' id='word_1_595' title='bbox 1206 1346 1232 1367; x_wconf 86' lang='lat' dir='ltr'><strong>et</strong></span> <span class='ocrx_word' id='word_1_596' title='bbox 1246 1348 1305 1376; x_wconf 75' lang='lat' dir='ltr'><strong>qua:</strong></span> <span class='ocrx_word' id='word_1_597' title='bbox 1322 1341 1430 1367; x_wconf 86' lang='lat' dir='ltr'><strong>interim</strong></span> <span class='ocrx_word' id='word_1_598' title='bbox 1448 1340 1481 1366; x_wconf 81' lang='lat' dir='ltr'><strong>de</strong></span> <span class='ocrx_word' id='word_1_599' title='bbox 1495 1340 1558 1366; x_wconf 60' lang='lat' dir='ltr'><strong>Tur:</strong></span> <span class='ocrx_word' id='word_1_600' title='bbox 1569 1340 1591 1367; x_wconf 88' lang='lat' dir='ltr'><strong>is</strong></span> <span class='ocrx_word' id='word_1_601' title='bbox 1607 1340 1702 1373; x_wconf 75' lang='lat' dir='ltr'><strong>explo-</strong></span> 
     </span>
    </p>
   </div>
   <div class='ocr_carea' id='block_1_81' title="bbox 916 1387 1701 1417">
    <p class='ocr_par' dir='ltr' id='par_1_81' title="bbox 916 1387 1701 1417">
     <span class='ocr_line' id='line_1_81' title="bbox 916 1387 1701 1417; baseline -0.005 0"><span class='ocrx_word' id='word_1_602' title='bbox 916 1394 1005 1417; x_wconf 87' lang='lat' dir='ltr'><strong>rasset</strong></span> <span class='ocrx_word' id='word_1_603' title='bbox 1035 1388 1128 1416; x_wconf 79' lang='lat' dir='ltr'><strong>missis</strong></span> <span class='ocrx_word' id='word_1_604' title='bbox 1142 1388 1175 1415; x_wconf 87' lang='lat' dir='ltr'><strong>ad</strong></span> <span class='ocrx_word' id='word_1_605' title='bbox 1201 1396 1230 1416; x_wconf 84' lang='lat' dir='ltr'><strong>se</strong></span> <span class='ocrx_word' id='word_1_606' title='bbox 1254 1387 1397 1416; x_wconf 69' lang='lat' dir='ltr'><strong>confestim</strong></span> <span class='ocrx_word' id='word_1_607' title='bbox 1427 1387 1562 1414; x_wconf 70' lang='lat' dir='ltr'><strong>indicandi</strong></span> <span class='ocrx_word' id='word_1_608' title='bbox 1590 1387 1701 1414; x_wconf 84' lang='lat' dir='ltr'><strong>litteris.</strong></span> 
     </span>
    </p>
   </div>
   <div class='ocr_carea' id='block_1_82' title="bbox 917 1431 1700 1468">
    <p class='ocr_par' dir='ltr' id='par_1_82' title="bbox 917 1431 1700 1468">
     <span class='ocr_line' id='line_1_82' title="bbox 917 1431 1700 1468; baseline -0.003 -7"><span class='ocrx_word' id='word_1_609' title='bbox 917 1434 1061 1468; x_wconf 73' lang='lat' dir='ltr'><strong>Reliquum</strong></span> <span class='ocrx_word' id='word_1_610' title='bbox 1095 1433 1246 1461; x_wconf 81' lang='lat' dir='ltr'><strong>exercitum</strong></span> <span class='ocrx_word' id='word_1_611' title='bbox 1263 1436 1289 1460; x_wconf 89' lang='lat' dir='ltr'><strong>in</strong></span> <span class='ocrx_word' id='word_1_612' title='bbox 1309 1433 1366 1460; x_wconf 88' lang='lat' dir='ltr'><strong>loca</strong></span> <span class='ocrx_word' id='word_1_613' title='bbox 1393 1432 1534 1459; x_wconf 88' lang='lat' dir='ltr'><strong>commoda</strong></span> <span class='ocrx_word' id='word_1_614' title='bbox 1551 1431 1700 1464; x_wconf 86' lang='lat' dir='ltr'><strong>distribuit,</strong></span> 
     </span>
    </p>
   </div>
   <div class='ocr_carea' id='block_1_83' title="bbox 916 1479 1700 1514">
    <p class='ocr_par' dir='ltr' id='par_1_83' title="bbox 916 1479 1700 1514">
     <span class='ocr_line' id='line_1_83' title="bbox 916 1479 1700 1514; baseline -0.006 -5"><span class='ocrx_word' id='word_1_615' title='bbox 916 1482 957 1509; x_wconf 87' lang='lat' dir='ltr'><strong>sic</strong></span> <span class='ocrx_word' id='word_1_616' title='bbox 979 1489 1071 1508; x_wconf 82' lang='lat' dir='ltr'><strong>secum</strong></span> <span class='ocrx_word' id='word_1_617' title='bbox 1092 1485 1228 1512; x_wconf 86' lang='lat' dir='ltr'><strong>statuens,</strong></span> <span class='ocrx_word' id='word_1_618' title='bbox 1259 1480 1414 1514; x_wconf 84' lang='lat' dir='ltr'><strong>neutiquam</strong></span> <span class='ocrx_word' id='word_1_619' title='bbox 1432 1486 1447 1506; x_wconf 86' lang='lat' dir='ltr'><strong>e</strong></span> <span class='ocrx_word' id='word_1_620' title='bbox 1467 1486 1496 1506; x_wconf 91' lang='lat' dir='ltr'><strong>re</strong></span> <span class='ocrx_word' id='word_1_621' title='bbox 1524 1479 1607 1506; x_wconf 86' lang='lat' dir='ltr'><strong>rideri</strong></span> <span class='ocrx_word' id='word_1_622' title='bbox 1626 1483 1700 1506; x_wconf 90' lang='lat' dir='ltr'><strong>recta</strong></span> 
     </span>
    </p>
   </div>
   <div class='ocr_carea' id='block_1_84' title="bbox 914 1525 1700 1558">
    <p class='ocr_par' dir='ltr' id='par_1_84' title="bbox 914 1525 1700 1558">
     <span class='ocr_line' id='line_1_84' title="bbox 914 1525 1700 1558; baseline -0.004 -3"><span class='ocrx_word' id='word_1_623' title='bbox 914 1527 942 1555; x_wconf 91' lang='lat' dir='ltr'><strong>in</strong></span> <span class='ocrx_word' id='word_1_624' title='bbox 969 1527 1105 1554; x_wconf 86' lang='lat' dir='ltr'><strong>sultanum</strong></span> <span class='ocrx_word' id='word_1_625' title='bbox 1125 1527 1234 1558; x_wconf 83' lang='lat' dir='ltr'><strong>ducere,</strong></span> <span class='ocrx_word' id='word_1_626' title='bbox 1252 1525 1351 1553; x_wconf 78' lang='lat' dir='ltr'><strong>frustra</strong></span> <span class='ocrx_word' id='word_1_627' title='bbox 1366 1526 1437 1553; x_wconf 89' lang='lat' dir='ltr'><strong>enim</strong></span> <span class='ocrx_word' id='word_1_628' title='bbox 1454 1526 1479 1552; x_wconf 92' lang='lat' dir='ltr'><strong>id</strong></span> <span class='ocrx_word' id='word_1_629' title='bbox 1495 1533 1523 1553; x_wconf 86' lang='lat' dir='ltr'><strong>se</strong></span> <span class='ocrx_word' id='word_1_630' title='bbox 1540 1525 1674 1552; x_wconf 85' lang='lat' dir='ltr'><strong>facturum</strong></span> <span class='ocrx_word' id='word_1_631' title='bbox 1692 1534 1700 1552; x_wconf 84' lang='lat'><strong>:</strong></span> 
     </span>
    </p>
   </div>
   <div class='ocr_carea' id='block_1_85' title="bbox 914 1571 1701 1608">
    <p class='ocr_par' dir='ltr' id='par_1_85' title="bbox 914 1571 1701 1608">
     <span class='ocr_line' id='line_1_85' title="bbox 914 1571 1701 1608; baseline -0.003 -8"><span class='ocrx_word' id='word_1_632' title='bbox 914 1573 1048 1608; x_wconf 89' lang='lat' dir='ltr'><strong>siquidem</strong></span> <span class='ocrx_word' id='word_1_633' title='bbox 1075 1577 1133 1599; x_wconf 85' lang='lat' dir='ltr'><strong>erat</strong></span> <span class='ocrx_word' id='word_1_634' title='bbox 1155 1572 1303 1599; x_wconf 75' lang='lat' dir='ltr'><strong>verisimile</strong></span> <span class='ocrx_word' id='word_1_635' title='bbox 1320 1571 1393 1598; x_wconf 87' lang='lat' dir='ltr'><strong>fusos</strong></span> <span class='ocrx_word' id='word_1_636' title='bbox 1418 1571 1496 1606; x_wconf 83' lang='lat' dir='ltr'><strong>paulu</strong></span> <span class='ocrx_word' id='word_1_637' title='bbox 1517 1576 1579 1598; x_wconf 88' lang='lat' dir='ltr'><strong>ante</strong></span> <span class='ocrx_word' id='word_1_638' title='bbox 1596 1571 1659 1598; x_wconf 76' lang='lat' dir='ltr'><strong>Tum</strong></span> <span class='ocrx_word' id='word_1_639' title='bbox 1669 1578 1701 1598; x_wconf 85' lang='lat' dir='ltr'><strong>os</strong></span> 
     </span>
    </p>
   </div>
   <div class='ocr_carea' id='block_1_86' title="bbox 914 1617 1701 1652">
    <p class='ocr_par' dir='ltr' id='par_1_86' title="bbox 914 1617 1701 1652">
     <span class='ocr_line' id='line_1_86' title="bbox 914 1617 1701 1652; baseline -0.003 -6"><span class='ocrx_word' id='word_1_640' title='bbox 914 1627 928 1646; x_wconf 89' lang='lat' dir='ltr'><strong>a</strong></span> <span class='ocrx_word' id='word_1_641' title='bbox 956 1618 1086 1647; x_wconf 80' lang='lat' dir='ltr'><strong>Romanis</strong></span> <span class='ocrx_word' id='word_1_642' title='bbox 1115 1618 1230 1646; x_wconf 90' lang='lat' dir='ltr'><strong>dttcibtts</strong></span> <span class='ocrx_word' id='word_1_643' title='bbox 1257 1618 1341 1645; x_wconf 83' lang='lat' dir='ltr'><strong>cladis</strong></span> <span class='ocrx_word' id='word_1_644' title='bbox 1366 1625 1420 1644; x_wconf 60' lang='lat' dir='ltr'><strong>suae</strong></span> <span class='ocrx_word' id='word_1_645' title='bbox 1451 1617 1549 1644; x_wconf 85' lang='lat' dir='ltr'><strong>famam</strong></span> <span class='ocrx_word' id='word_1_646' title='bbox 1575 1617 1629 1644; x_wconf 83' lang='lat' dir='ltr'><strong>late</strong></span> <span class='ocrx_word' id='word_1_647' title='bbox 1652 1625 1701 1652; x_wconf 87' lang='lat' dir='ltr'><strong>per</strong></span> 
     </span>
    </p>
   </div>
   <div class='ocr_carea' id='block_1_87' title="bbox 914 1663 1700 1699">
    <p class='ocr_par' dir='ltr' id='par_1_87' title="bbox 914 1663 1700 1699">
     <span class='ocr_line' id='line_1_87' title="bbox 914 1663 1700 1699; baseline -0.004 -7"><span class='ocrx_word' id='word_1_648' title='bbox 914 1665 1006 1692; x_wconf 84' lang='lat' dir='ltr'><strong>Asiam</strong></span> <span class='ocrx_word' id='word_1_649' title='bbox 1022 1664 1166 1699; x_wconf 81' lang='lat' dir='ltr'><strong>sparsisse,</strong></span> <span class='ocrx_word' id='word_1_650' title='bbox 1188 1664 1326 1697; x_wconf 86' lang='lat' dir='ltr'><strong>variisque</strong></span> <span class='ocrx_word' id='word_1_651' title='bbox 1344 1663 1436 1690; x_wconf 87' lang='lat' dir='ltr'><strong>varios</strong></span> <span class='ocrx_word' id='word_1_652' title='bbox 1455 1663 1480 1690; x_wconf 94' lang='lat' dir='ltr'><strong>in</strong></span> <span class='ocrx_word' id='word_1_653' title='bbox 1498 1663 1564 1689; x_wconf 88' lang='lat' dir='ltr'><strong>locis</strong></span> <span class='ocrx_word' id='word_1_654' title='bbox 1581 1670 1641 1690; x_wconf 87' lang='lat' dir='ltr'><strong>esse</strong></span> <span class='ocrx_word' id='word_1_655' title='bbox 1659 1668 1700 1690; x_wconf 86' lang='lat' dir='ltr'><strong>te-</strong></span> 
     </span>
    </p>
   </div>
   <div class='ocr_carea' id='block_1_88' title="bbox 914 1707 1698 1743">
    <p class='ocr_par' dir='ltr' id='par_1_88' title="bbox 914 1707 1698 1743">
     <span class='ocr_line' id='line_1_88' title="bbox 914 1707 1698 1743; baseline -0.004 -6"><span class='ocrx_word' id='word_1_656' title='bbox 914 1714 1001 1737; x_wconf 85' lang='lat' dir='ltr'><strong>statos</strong></span> <span class='ocrx_word' id='word_1_657' title='bbox 1024 1708 1179 1736; x_wconf 83' lang='lat' dir='ltr'><strong>oecurrisse</strong></span> <span class='ocrx_word' id='word_1_658' title='bbox 1206 1707 1344 1735; x_wconf 81' lang='lat' dir='ltr'><strong>Romanos</strong></span> <span class='ocrx_word' id='word_1_659' title='bbox 1359 1708 1436 1743; x_wconf 84' lang='lat' dir='ltr'><strong>ipsis,</strong></span> <span class='ocrx_word' id='word_1_660' title='bbox 1455 1708 1601 1734; x_wconf 86' lang='lat' dir='ltr'><strong>commissa</strong></span> <span class='ocrx_word' id='word_1_661' title='bbox 1622 1708 1698 1742; x_wconf 79' lang='lat' dir='ltr'><strong>gravi</strong></span> 
     </span>
    </p>
   </div>
   <div class='ocr_carea' id='block_1_89' title="bbox 914 1753 1700 1791">
    <p class='ocr_par' dir='ltr' id='par_1_89' title="bbox 914 1753 1700 1791">
     <span class='ocr_line' id='line_1_89' title="bbox 914 1753 1700 1791; baseline -0.001 -9"><span class='ocrx_word' id='word_1_662' title='bbox 914 1763 1016 1791; x_wconf 78' lang='lat' dir='ltr'><strong>pugna,</strong></span> <span class='ocrx_word' id='word_1_663' title='bbox 1039 1755 1123 1782; x_wconf 87' lang='lat' dir='ltr'><strong>victos</strong></span> <span class='ocrx_word' id='word_1_664' title='bbox 1139 1762 1201 1782; x_wconf 69' lang='lat' dir='ltr'><strong>esse</strong></span> <span class='ocrx_word' id='word_1_665' title='bbox 1228 1753 1342 1786; x_wconf 85' lang='lat' dir='ltr'><strong>Turcos,</strong></span> <span class='ocrx_word' id='word_1_666' title='bbox 1357 1754 1486 1789; x_wconf 86' lang='lat' dir='ltr'><strong>quosdam</strong></span> <span class='ocrx_word' id='word_1_667' title='bbox 1511 1758 1618 1788; x_wconf 75' lang='lat' dir='ltr'><strong>captos,</strong></span> <span class='ocrx_word' id='word_1_668' title='bbox 1632 1753 1700 1783; x_wconf 80' lang='lat' dir='ltr'><strong>alios</strong></span> 
     </span>
    </p>
   </div>
   <div class='ocr_carea' id='block_1_90' title="bbox 915 1800 1698 1834">
    <p class='ocr_par' dir='ltr' id='par_1_90' title="bbox 915 1800 1698 1834">
     <span class='ocr_line' id='line_1_90' title="bbox 915 1800 1698 1834; baseline -0.003 -5"><span class='ocrx_word' id='word_1_669' title='bbox 915 1802 1032 1834; x_wconf 77' lang='lat' dir='ltr'><strong>occisos,</strong></span> <span class='ocrx_word' id='word_1_670' title='bbox 1049 1801 1208 1828; x_wconf 79' lang='lat' dir='ltr'><strong>vulneratos</strong></span> <span class='ocrx_word' id='word_1_671' title='bbox 1230 1800 1313 1828; x_wconf 84' lang='lat' dir='ltr'><strong>etiam</strong></span> <span class='ocrx_word' id='word_1_672' title='bbox 1330 1800 1436 1834; x_wconf 85' lang='lat' dir='ltr'><strong>aliquos</strong></span> <span class='ocrx_word' id='word_1_673' title='bbox 1460 1800 1557 1826; x_wconf 88' lang='lat' dir='ltr'><strong>deinde</strong></span> <span class='ocrx_word' id='word_1_674' title='bbox 1571 1800 1698 1834; x_wconf 76' lang='lat' dir='ltr'><strong>periisse.</strong></span> 
     </span>
    </p>
   </div>
   <div class='ocr_carea' id='block_1_91' title="bbox 915 1845 1697 1881">
    <p class='ocr_par' dir='ltr' id='par_1_91' title="bbox 915 1845 1697 1881">
     <span class='ocr_line' id='line_1_91' title="bbox 915 1845 1697 1881; baseline 0 -9"><span class='ocrx_word' id='word_1_675' title='bbox 915 1846 1018 1880; x_wconf 86' lang='lat' dir='ltr'><strong>Quibus</strong></span> <span class='ocrx_word' id='word_1_676' title='bbox 1033 1846 1114 1873; x_wconf 87' lang='lat' dir='ltr'><strong>rebus</strong></span> <span class='ocrx_word' id='word_1_677' title='bbox 1131 1845 1260 1881; x_wconf 73' lang='lat' dir='ltr'><strong>vulgatis,</strong></span> <span class='ocrx_word' id='word_1_678' title='bbox 1279 1845 1390 1872; x_wconf 90' lang='lat' dir='ltr'><strong>dubium</strong></span> <span class='ocrx_word' id='word_1_679' title='bbox 1411 1852 1463 1872; x_wconf 92' lang='lat' dir='ltr'><strong>non</strong></span> <span class='ocrx_word' id='word_1_680' title='bbox 1481 1845 1622 1872; x_wconf 85' lang='lat' dir='ltr'><strong>videbatur</strong></span> <span class='ocrx_word' id='word_1_681' title='bbox 1633 1845 1697 1879; x_wconf 89' lang='lat' dir='ltr'><strong>quin</strong></span> 
     </span>
    </p>
   </div>
   <div class='ocr_carea' id='block_1_92' title="bbox 915 1886 1698 1926">
    <p class='ocr_par' dir='ltr' id='par_1_92' title="bbox 915 1886 1698 1926">
     <span class='ocr_line' id='line_1_92' title="bbox 915 1886 1698 1926; baseline 0 -8"><span class='ocrx_word' id='word_1_682' title='bbox 915 1891 1028 1919; x_wconf 67' lang='lat' dir='ltr'><strong>Barbari</strong></span> <span class='ocrx_word' id='word_1_683' title='bbox 1045 1892 1188 1920; x_wconf 86' lang='lat' dir='ltr'><strong>consilium</strong></span> <span class='ocrx_word' id='word_1_684' title='bbox 1207 1886 1397 1919; x_wconf 81' lang='lat' dir='ltr'><strong>retrocedendi</strong></span> <span class='ocrx_word' id='word_1_685' title='bbox 1412 1896 1540 1926; x_wconf 79' lang='lat' dir='ltr'><strong>caperent</strong></span> <span class='ocrx_word' id='word_1_686' title='bbox 1559 1896 1639 1925; x_wconf 88' lang='lat' dir='ltr'><strong>atque</strong></span> <span class='ocrx_word' id='word_1_687' title='bbox 1655 1891 1698 1918; x_wconf 86' lang='lat' dir='ltr'><strong>in—</strong></span> 
     </span>
    </p>
   </div>
   <div class='ocr_carea' id='block_1_93' title="bbox 916 1937 1696 1972">
    <p class='ocr_par' dir='ltr' id='par_1_93' title="bbox 916 1937 1696 1972">
     <span class='ocr_line' id='line_1_93' title="bbox 916 1937 1696 1972; baseline -0.003 -8"><span class='ocrx_word' id='word_1_688' title='bbox 916 1938 1000 1965; x_wconf 89' lang='lat' dir='ltr'><strong>terius</strong></span> <span class='ocrx_word' id='word_1_689' title='bbox 1019 1938 1045 1965; x_wconf 91' lang='lat' dir='ltr'><strong>in</strong></span> <span class='ocrx_word' id='word_1_690' title='bbox 1063 1937 1120 1964; x_wconf 87' lang='lat' dir='ltr'><strong>loca</strong></span> <span class='ocrx_word' id='word_1_691' title='bbox 1132 1942 1190 1965; x_wconf 89' lang='lat' dir='ltr'><strong>tuta</strong></span> <span class='ocrx_word' id='word_1_692' title='bbox 1203 1937 1315 1965; x_wconf 88' lang='lat' dir='ltr'><strong>ditionis</strong></span> <span class='ocrx_word' id='word_1_693' title='bbox 1330 1937 1448 1972; x_wconf 84' lang='lat' dir='ltr'><strong>ipsorum</strong></span> <span class='ocrx_word' id='word_1_694' title='bbox 1464 1945 1549 1972; x_wconf 87' lang='lat' dir='ltr'><strong>usque</strong></span> <span class='ocrx_word' id='word_1_695' title='bbox 1561 1938 1593 1963; x_wconf 87' lang='lat' dir='ltr'><strong>ad</strong></span> <span class='ocrx_word' id='word_1_696' title='bbox 1608 1937 1696 1970; x_wconf 89' lang='lat' dir='ltr'><strong>ipsum</strong></span> 
     </span>
    </p>
   </div>
   <div class='ocr_carea' id='block_1_94' title="bbox 914 1983 1696 2018">
    <p class='ocr_par' dir='ltr' id='par_1_94' title="bbox 914 1983 1696 2018">
     <span class='ocr_line' id='line_1_94' title="bbox 914 1983 1696 2018; baseline -0.001 -7"><span class='ocrx_word' id='word_1_697' title='bbox 914 1983 1035 2011; x_wconf 83' lang='lat' dir='ltr'><strong>Iconium</strong></span> <span class='ocrx_word' id='word_1_698' title='bbox 1054 1983 1147 2018; x_wconf 85' lang='lat' dir='ltr'><strong>copias</strong></span> <span class='ocrx_word' id='word_1_699' title='bbox 1165 1984 1339 2015; x_wconf 83' lang='lat' dir='ltr'><strong>reducerent,</strong></span> <span class='ocrx_word' id='word_1_700' title='bbox 1358 1983 1450 2018; x_wconf 79' lang='lat' dir='ltr'><strong>sicque</strong></span> <span class='ocrx_word' id='word_1_701' title='bbox 1471 1983 1601 2011; x_wconf 87' lang='lat' dir='ltr'><strong>trustrato</strong></span> <span class='ocrx_word' id='word_1_702' title='bbox 1623 1983 1696 2010; x_wconf 90' lang='lat' dir='ltr'><strong>inse-</strong></span> 
     </span>
    </p>
   </div>
   <div class='ocr_carea' id='block_1_95' title="bbox 914 2029 1698 2064">
    <p class='ocr_par' dir='ltr' id='par_1_95' title="bbox 914 2029 1698 2064">
     <span class='ocr_line' id='line_1_95' title="bbox 914 2029 1698 2064; baseline -0.001 -7"><span class='ocrx_word' id='word_1_703' title='bbox 914 2029 1057 2064; x_wconf 88' lang='lat' dir='ltr'><strong>quentium</strong></span> <span class='ocrx_word' id='word_1_704' title='bbox 1083 2029 1172 2056; x_wconf 88' lang='lat' dir='ltr'><strong>studio</strong></span> <span class='ocrx_word' id='word_1_705' title='bbox 1187 2037 1219 2057; x_wconf 92' lang='lat' dir='ltr'><strong>ac</strong></span> <span class='ocrx_word' id='word_1_706' title='bbox 1250 2037 1298 2064; x_wconf 86' lang='lat' dir='ltr'><strong>spe</strong></span> <span class='ocrx_word' id='word_1_707' title='bbox 1320 2030 1429 2056; x_wconf 86' lang='lat' dir='ltr'><strong>inanem</strong></span> <span class='ocrx_word' id='word_1_708' title='bbox 1456 2029 1586 2056; x_wconf 74' lang='lat' dir='ltr'><strong>[laritanis</strong></span> <span class='ocrx_word' id='word_1_709' title='bbox 1617 2034 1698 2063; x_wconf 87' lang='lat' dir='ltr'><strong>atque</strong></span> 
     </span>
    </p>
   </div>
   <div class='ocr_carea' id='block_1_96' title="bbox 915 2075 1695 2103">
    <p class='ocr_par' dir='ltr' id='par_1_96' title="bbox 915 2075 1695 2103">
     <span class='ocr_line' id='line_1_96' title="bbox 915 2075 1695 2103; baseline -0.001 -1"><span class='ocrx_word' id='word_1_710' title='bbox 915 2075 1021 2102; x_wconf 88' lang='lat' dir='ltr'><strong>irritatn</strong></span> <span class='ocrx_word' id='word_1_711' title='bbox 1044 2075 1227 2103; x_wconf 89' lang='lat' dir='ltr'><strong>contentionis</strong></span> <span class='ocrx_word' id='word_1_712' title='bbox 1251 2075 1356 2102; x_wconf 85' lang='lat' dir='ltr'><strong>inutilis</strong></span> <span class='ocrx_word' id='word_1_713' title='bbox 1372 2079 1399 2102; x_wconf 89' lang='lat' dir='ltr'><strong>et</strong></span> <span class='ocrx_word' id='word_1_714' title='bbox 1429 2075 1572 2102; x_wconf 73' lang='lat' dir='ltr'><strong>irtidenda:</strong></span> <span class='ocrx_word' id='word_1_715' title='bbox 1587 2075 1695 2102; x_wconf 83' lang='lat' dir='ltr'><strong>lassitu-</strong></span> 
     </span>
    </p>
   </div>
   <div class='ocr_carea' id='block_1_97' title="bbox 914 2120 1698 2156">
    <p class='ocr_par' dir='ltr' id='par_1_97' title="bbox 914 2120 1698 2156">
     <span class='ocr_line' id='line_1_97' title="bbox 914 2120 1698 2156; baseline -0.001 -8"><span class='ocrx_word' id='word_1_716' title='bbox 914 2121 1007 2148; x_wconf 90' lang='lat' dir='ltr'><strong>dinem</strong></span> <span class='ocrx_word' id='word_1_717' title='bbox 1038 2120 1234 2156; x_wconf 85' lang='lat' dir='ltr'><strong>relinquerent.</strong></span> <span class='ocrx_word' id='word_1_718' title='bbox 1260 2120 1297 2147; x_wconf 84' lang='lat' dir='ltr'><strong>Ea</strong></span> <span class='ocrx_word' id='word_1_719' title='bbox 1319 2126 1429 2155; x_wconf 85' lang='lat' dir='ltr'><strong>propter</strong></span> <span class='ocrx_word' id='word_1_720' title='bbox 1455 2120 1617 2148; x_wconf 90' lang='lat' dir='ltr'><strong>retroversis</strong></span> <span class='ocrx_word' id='word_1_721' title='bbox 1642 2122 1698 2147; x_wconf 57' lang='lat' dir='ltr'><strong>Au-</strong></span> 
     </span>
    </p>
   </div>
   <div class='ocr_carea' id='block_1_98' title="bbox 915 2164 1697 2202">
    <p class='ocr_par' dir='ltr' id='par_1_98' title="bbox 915 2164 1697 2202">
     <span class='ocr_line' id='line_1_98' title="bbox 915 2164 1697 2202; baseline -0.006 -8"><span class='ocrx_word' id='word_1_722' title='bbox 915 2171 1010 2202; x_wconf 76' lang='lat' dir='ltr'><strong>gustus</strong></span> <span class='ocrx_word' id='word_1_723' title='bbox 1032 2165 1147 2194; x_wconf 86' lang='lat' dir='ltr'><strong>habenis</strong></span> <span class='ocrx_word' id='word_1_724' title='bbox 1162 2172 1211 2200; x_wconf 87' lang='lat' dir='ltr'><strong>per</strong></span> <span class='ocrx_word' id='word_1_725' title='bbox 1232 2165 1361 2200; x_wconf 84' lang='lat' dir='ltr'><strong>Bithynos</strong></span> <span class='ocrx_word' id='word_1_726' title='bbox 1379 2164 1563 2192; x_wconf 82' lang='lat' dir='ltr'><strong>Nicomediam</strong></span> <span class='ocrx_word' id='word_1_727' title='bbox 1581 2171 1611 2190; x_wconf 85' lang='lat' dir='ltr'><strong>se</strong></span> <span class='ocrx_word' id='word_1_728' title='bbox 1632 2171 1697 2189; x_wconf 90' lang='lat' dir='ltr'><strong>con-</strong></span> 
     </span>
    </p>
   </div>
   <div class='ocr_carea' id='block_1_99' title="bbox 914 2208 1696 2245">
    <p class='ocr_par' dir='ltr' id='par_1_99' title="bbox 914 2208 1696 2245">
     <span class='ocr_line' id='line_1_99' title="bbox 914 2208 1696 2245; baseline -0.006 -7"><span class='ocrx_word' id='word_1_729' title='bbox 914 2211 992 2244; x_wconf 88' lang='lat' dir='ltr'><strong>tulit;</strong></span> <span class='ocrx_word' id='word_1_730' title='bbox 1010 2218 1065 2245; x_wconf 91' lang='lat' dir='ltr'><strong>quo</strong></span> <span class='ocrx_word' id='word_1_731' title='bbox 1091 2210 1219 2237; x_wconf 90' lang='lat' dir='ltr'><strong>nimirum</strong></span> <span class='ocrx_word' id='word_1_732' title='bbox 1256 2211 1302 2237; x_wconf 87' lang='lat' dir='ltr'><strong>tali</strong></span> <span class='ocrx_word' id='word_1_733' title='bbox 1329 2209 1390 2244; x_wconf 82' lang='lat' dir='ltr'><strong>ejus</strong></span> <span class='ocrx_word' id='word_1_734' title='bbox 1418 2216 1542 2244; x_wconf 71' lang='lat' dir='ltr'><strong>regressu</strong></span> <span class='ocrx_word' id='word_1_735' title='bbox 1573 2208 1696 2235; x_wconf 88' lang='lat' dir='ltr'><strong>tnttttiato</strong></span> 
     </span>
    </p>
   </div>
   <div class='ocr_carea' id='block_1_100' title="bbox 913 2254 1691 2291">
    <p class='ocr_par' dir='ltr' id='par_1_100' title="bbox 913 2254 1691 2291">
     <span class='ocr_line' id='line_1_100' title="bbox 913 2254 1691 2291; baseline -0.005 -7"><span class='ocrx_word' id='word_1_736' title='bbox 913 2257 1021 2289; x_wconf 82' lang='lat' dir='ltr'><strong>Turcis,</strong></span> <span class='ocrx_word' id='word_1_737' title='bbox 1037 2257 1075 2284; x_wconf 87' lang='lat' dir='ltr'><strong>illi</strong></span> <span class='ocrx_word' id='word_1_738' title='bbox 1092 2257 1130 2284; x_wconf 89' lang='lat' dir='ltr'><strong>sic</strong></span> <span class='ocrx_word' id='word_1_739' title='bbox 1148 2257 1228 2284; x_wconf 86' lang='lat' dir='ltr'><strong>levati</strong></span> <span class='ocrx_word' id='word_1_740' title='bbox 1245 2262 1316 2284; x_wconf 90' lang='lat' dir='ltr'><strong>metu</strong></span> <span class='ocrx_word' id='word_1_741' title='bbox 1341 2256 1501 2291; x_wconf 88' lang='lat' dir='ltr'><strong>irrttptionis</strong></span> <span class='ocrx_word' id='word_1_742' title='bbox 1515 2263 1595 2289; x_wconf 81' lang='lat' dir='ltr'><strong>quam</strong></span> <span class='ocrx_word' id='word_1_743' title='bbox 1612 2263 1627 2282; x_wconf 73' lang='grc' dir='ltr'><strong>ο</strong></span> <span class='ocrx_word' id='word_1_744' title='bbox 1642 2254 1691 2281; x_wconf 82' lang='lat' dir='ltr'><strong>Ro-</strong></span> 
     </span>
    </p>
   </div>
   <div class='ocr_carea' id='block_1_101' title="bbox 913 2302 1695 2336">
    <p class='ocr_par' dir='ltr' id='par_1_101' title="bbox 913 2302 1695 2336">
     <span class='ocr_line' id='line_1_101' title="bbox 913 2302 1695 2336; baseline -0.005 -5"><span class='ocrx_word' id='word_1_745' title='bbox 913 2304 1002 2331; x_wconf 83' lang='lat' dir='ltr'><strong>manis</strong></span> <span class='ocrx_word' id='word_1_746' title='bbox 1014 2304 1171 2336; x_wconf 88' lang='lat' dir='ltr'><strong>timuerant,</strong></span> <span class='ocrx_word' id='word_1_747' title='bbox 1192 2303 1323 2330; x_wconf 87' lang='lat' dir='ltr'><strong>auderent</strong></span> <span class='ocrx_word' id='word_1_748' title='bbox 1339 2302 1476 2336; x_wconf 83' lang='lat' dir='ltr'><strong>explicare</strong></span> <span class='ocrx_word' id='word_1_749' title='bbox 1492 2309 1523 2328; x_wconf 84' lang='lat' dir='ltr'><strong>ac</strong></span> <span class='ocrx_word' id='word_1_750' title='bbox 1536 2308 1695 2336; x_wconf 86' lang='lat' dir='ltr'><strong>promovere</strong></span> 
     </span>
    </p>
   </div>
   <div class='ocr_carea' id='block_1_102' title="bbox 912 2346 1695 2384">
    <p class='ocr_par' dir='ltr' id='par_1_102' title="bbox 912 2346 1695 2384">
     <span class='ocr_line' id='line_1_102' title="bbox 912 2346 1695 2384; baseline -0.006 -7"><span class='ocrx_word' id='word_1_751' title='bbox 912 2351 1005 2384; x_wconf 86' lang='lat' dir='ltr'><strong>copias</strong></span> <span class='ocrx_word' id='word_1_752' title='bbox 1021 2350 1146 2382; x_wconf 84' lang='lat' dir='ltr'><strong>liberius,</strong></span> <span class='ocrx_word' id='word_1_753' title='bbox 1177 2354 1434 2383; x_wconf 79' lang='lat' dir='ltr'><strong>revertereutnrque</strong></span> <span class='ocrx_word' id='word_1_754' title='bbox 1455 2348 1481 2375; x_wconf 87' lang='lat' dir='ltr'><strong>itt</strong></span> <span class='ocrx_word' id='word_1_755' title='bbox 1499 2347 1556 2375; x_wconf 87' lang='lat' dir='ltr'><strong>loca</strong></span> <span class='ocrx_word' id='word_1_756' title='bbox 1573 2348 1647 2380; x_wconf 82' lang='lat' dir='ltr'><strong>prius</strong></span> <span class='ocrx_word' id='word_1_757' title='bbox 1661 2346 1695 2373; x_wconf 79' lang='lat' dir='ltr'><strong>ab</strong></span> 
     </span>
    </p>
   </div>
   <div class='ocr_carea' id='block_1_103' title="bbox 913 2393 1693 2433">
    <p class='ocr_par' dir='ltr' id='par_1_103' title="bbox 913 2393 1693 2433">
     <span class='ocr_line' id='line_1_103' title="bbox 913 2393 1693 2433; baseline -0.008 -7"><span class='ocrx_word' id='word_1_758' title='bbox 913 2398 978 2433; x_wconf 86' lang='lat' dir='ltr'><strong>ipsis</strong></span> <span class='ocrx_word' id='word_1_759' title='bbox 996 2401 1140 2432; x_wconf 85' lang='lat' dir='ltr'><strong>occupata,</strong></span> <span class='ocrx_word' id='word_1_760' title='bbox 1156 2396 1228 2423; x_wconf 87' lang='lat' dir='ltr'><strong>unde</strong></span> <span class='ocrx_word' id='word_1_761' title='bbox 1248 2395 1318 2422; x_wconf 81' lang='lat' dir='ltr'><strong>versi</strong></span> <span class='ocrx_word' id='word_1_762' title='bbox 1331 2402 1378 2429; x_wconf 91' lang='lat' dir='ltr'><strong>pro</strong></span> <span class='ocrx_word' id='word_1_763' title='bbox 1393 2401 1442 2422; x_wconf 90' lang='lat' dir='ltr'><strong>suo</strong></span> <span class='ocrx_word' id='word_1_764' title='bbox 1458 2401 1533 2421; x_wconf 91' lang='lat' dir='ltr'><strong>more</strong></span> <span class='ocrx_word' id='word_1_765' title='bbox 1551 2394 1647 2420; x_wconf 91' lang='lat' dir='ltr'><strong>iterum</strong></span> <span class='ocrx_word' id='word_1_766' title='bbox 1666 2393 1693 2420; x_wconf 92' lang='lat' dir='ltr'><strong>in</strong></span> 
     </span>
    </p>
   </div>
   <div class='ocr_carea' id='block_1_104' title="bbox 913 2441 1694 2479">
    <p class='ocr_par' dir='ltr' id='par_1_104' title="bbox 913 2441 1694 2479">
     <span class='ocr_line' id='line_1_104' title="bbox 913 2441 1694 2479; baseline -0.006 -8"><span class='ocrx_word' id='word_1_767' title='bbox 913 2446 1028 2479; x_wconf 64' lang='lat' dir='ltr'><strong>prmdas,</strong></span> <span class='ocrx_word' id='word_1_768' title='bbox 1044 2451 1158 2478; x_wconf 88' lang='lat' dir='ltr'><strong>quarum</strong></span> <span class='ocrx_word' id='word_1_769' title='bbox 1173 2443 1255 2476; x_wconf 86' lang='lat' dir='ltr'><strong>primi</strong></span> <span class='ocrx_word' id='word_1_770' title='bbox 1269 2448 1412 2469; x_wconf 88' lang='lat' dir='ltr'><strong>sttccessus</strong></span> <span class='ocrx_word' id='word_1_771' title='bbox 1432 2441 1570 2467; x_wconf 84' lang='lat' dir='ltr'><strong>sultanutn</strong></span> <span class='ocrx_word' id='word_1_772' title='bbox 1587 2447 1694 2474; x_wconf 84' lang='lat' dir='ltr'><strong>quoque</strong></span> 
     </span>
    </p>
   </div>
   <div class='ocr_carea' id='block_1_105' title="bbox 914 2487 1698 2526">
    <p class='ocr_par' dir='ltr' id='par_1_105' title="bbox 914 2487 1698 2526">
     <span class='ocr_line' id='line_1_105' title="bbox 914 2487 1698 2526; baseline -0.008 -9"><span class='ocrx_word' id='word_1_773' title='bbox 914 2491 1001 2526; x_wconf 91' lang='lat' dir='ltr'><strong>ipsum</strong></span> <span class='ocrx_word' id='word_1_774' title='bbox 1028 2489 1158 2517; x_wconf 81' lang='lat' dir='ltr'><strong>elicerent</strong></span> <span class='ocrx_word' id='word_1_775' title='bbox 1185 2488 1217 2515; x_wconf 91' lang='lat' dir='ltr'><strong>ad</strong></span> <span class='ocrx_word' id='word_1_776' title='bbox 1234 2488 1309 2522; x_wconf 86' lang='lat' dir='ltr'><strong>prius</strong></span> <span class='ocrx_word' id='word_1_777' title='bbox 1322 2487 1508 2514; x_wconf 86' lang='lat' dir='ltr'><strong>intermissum</strong></span> <span class='ocrx_word' id='word_1_778' title='bbox 1531 2494 1600 2520; x_wconf 91' lang='lat' dir='ltr'><strong>opus</strong></span> <span class='ocrx_word' id='word_1_779' title='bbox 1619 2493 1698 2512; x_wconf 86' lang='lat' dir='ltr'><strong>reso-</strong></span> 
     </span>
    </p>
   </div>
   <div class='ocr_carea' id='block_1_106' title="bbox 913 2533 1693 2570">
    <p class='ocr_par' dir='ltr' id='par_1_106' title="bbox 913 2533 1693 2570">
     <span class='ocr_line' id='line_1_106' title="bbox 913 2533 1693 2570; baseline -0.008 -4"><span class='ocrx_word' id='word_1_780' title='bbox 913 2539 1050 2570; x_wconf 87' lang='lat' dir='ltr'><strong>mcudmn,</strong></span> <span class='ocrx_word' id='word_1_781' title='bbox 1067 2537 1229 2564; x_wconf 86' lang='lat' dir='ltr'><strong>luculentam</strong></span> <span class='ocrx_word' id='word_1_782' title='bbox 1244 2535 1347 2562; x_wconf 83' lang='lat' dir='ltr'><strong>cladem</strong></span> <span class='ocrx_word' id='word_1_783' title='bbox 1365 2542 1398 2561; x_wconf 84' lang='lat' dir='ltr'><strong>ex</strong></span> <span class='ocrx_word' id='word_1_784' title='bbox 1416 2535 1562 2568; x_wconf 85' lang='lat' dir='ltr'><strong>improviso</strong></span> <span class='ocrx_word' id='word_1_785' title='bbox 1577 2533 1693 2568; x_wconf 83' lang='lat' dir='ltr'><strong>aliquam</strong></span> 
     </span>
    </p>
   </div>
   <div class='ocr_carea' id='block_1_107' title="bbox 915 2579 1694 2618">
    <p class='ocr_par' dir='ltr' id='par_1_107' title="bbox 915 2579 1694 2618">
     <span class='ocr_line' id='line_1_107' title="bbox 915 2579 1694 2618; baseline -0.008 -7"><span class='ocrx_word' id='word_1_786' title='bbox 915 2584 1043 2618; x_wconf 79' lang='lat' dir='ltr'><strong>dispersi,</strong></span> <span class='ocrx_word' id='word_1_787' title='bbox 1060 2583 1175 2616; x_wconf 80' lang='lat' dir='ltr'><strong>vagique</strong></span> <span class='ocrx_word' id='word_1_788' title='bbox 1198 2581 1322 2615; x_wconf 84' lang='lat' dir='ltr'><strong>accipere</strong></span> <span class='ocrx_word' id='word_1_789' title='bbox 1348 2588 1362 2606; x_wconf 77' lang='grc' dir='ltr'><strong>ιι</strong></span> <span class='ocrx_word' id='word_1_790' title='bbox 1381 2581 1482 2606; x_wconf 88' lang='lat' dir='ltr'><strong>nostris</strong></span> <span class='ocrx_word' id='word_1_791' title='bbox 1506 2584 1627 2613; x_wconf 79' lang='lat' dir='ltr'><strong>possent,</strong></span> <span class='ocrx_word' id='word_1_792' title='bbox 1640 2579 1694 2614; x_wconf 87' lang='lat' dir='ltr'><strong>jam</strong></span> 
     </span>
    </p>
   </div>
   <div class='ocr_carea' id='block_1_108' title="bbox 913 2623 1695 2663">
    <p class='ocr_par' dir='ltr' id='par_1_108' title="bbox 913 2623 1695 2663">
     <span class='ocr_line' id='line_1_108' title="bbox 913 2623 1695 2663; baseline -0.012 -6"><span class='ocrx_word' id='word_1_793' title='bbox 913 2629 1021 2657; x_wconf 88' lang='lat' dir='ltr'><strong>refectis</strong></span> <span class='ocrx_word' id='word_1_794' title='bbox 1046 2633 1073 2656; x_wconf 87' lang='lat' dir='ltr'><strong>et</strong></span> <span class='ocrx_word' id='word_1_795' title='bbox 1097 2627 1241 2663; x_wconf 77' lang='lat' dir='ltr'><strong>pinguibus</strong></span> <span class='ocrx_word' id='word_1_796' title='bbox 1257 2634 1264 2652; x_wconf 90' lang='lat'>:</span> <span class='ocrx_word' id='word_1_797' title='bbox 1282 2625 1381 2660; x_wconf 87' lang='lat' dir='ltr'><strong>quippe</strong></span> <span class='ocrx_word' id='word_1_798' title='bbox 1405 2624 1451 2658; x_wconf 90' lang='lat' dir='ltr'><strong>qui</strong></span> <span class='ocrx_word' id='word_1_799' title='bbox 1468 2623 1598 2650; x_wconf 75' lang='lat' dir='ltr'><strong>beneﬁcio</strong></span> <span class='ocrx_word' id='word_1_800' title='bbox 1617 2623 1695 2649; x_wconf 90' lang='lat' dir='ltr'><strong>modo</strong></span> 
     </span>
    </p>
   </div>
   <div class='ocr_carea' id='block_1_109' title="bbox 913 2669 1695 2705">
    <p class='ocr_par' dir='ltr' id='par_1_109' title="bbox 913 2669 1695 2705">
     <span class='ocr_line' id='line_1_109' title="bbox 913 2669 1695 2705; baseline -0.01 -3"><span class='ocrx_word' id='word_1_801' title='bbox 913 2675 1024 2703; x_wconf 65' lang='lat' dir='ltr'><strong>indultae</strong></span> <span class='ocrx_word' id='word_1_802' title='bbox 1056 2673 1227 2705; x_wconf 87' lang='lat' dir='ltr'><strong>cessationis,</strong></span> <span class='ocrx_word' id='word_1_803' title='bbox 1252 2677 1279 2699; x_wconf 91' lang='lat' dir='ltr'><strong>et</strong></span> <span class='ocrx_word' id='word_1_804' title='bbox 1304 2679 1352 2699; x_wconf 86' lang='lat' dir='ltr'><strong>sua</strong></span> <span class='ocrx_word' id='word_1_805' title='bbox 1379 2674 1405 2698; x_wconf 91' lang='lat' dir='ltr'><strong>et</strong></span> <span class='ocrx_word' id='word_1_806' title='bbox 1431 2676 1562 2704; x_wconf 89' lang='lat' dir='ltr'><strong>eqttorum</strong></span> <span class='ocrx_word' id='word_1_807' title='bbox 1587 2669 1695 2703; x_wconf 75' lang='lat' dir='ltr'><strong>egregie</strong></span> 
     </span>
    </p>
   </div>
   <div class='ocr_carea' id='block_1_110' title="bbox 913 2716 1696 2756">
    <p class='ocr_par' dir='ltr' id='par_1_110' title="bbox 913 2716 1696 2756">
     <span class='ocr_line' id='line_1_110' title="bbox 913 2716 1696 2756; baseline -0.009 -8"><span class='ocrx_word' id='word_1_808' title='bbox 913 2729 1026 2756; x_wconf 85' lang='lat' dir='ltr'><strong>corpora</strong></span> <span class='ocrx_word' id='word_1_809' title='bbox 1043 2725 1197 2753; x_wconf 87' lang='lat' dir='ltr'><strong>curassent,</strong></span> <span class='ocrx_word' id='word_1_810' title='bbox 1218 2720 1311 2754; x_wconf 89' lang='lat' dir='ltr'><strong>sicqtte</strong></span> <span class='ocrx_word' id='word_1_811' title='bbox 1327 2718 1360 2745; x_wconf 85' lang='lat' dir='ltr'><strong>ad</strong></span> <span class='ocrx_word' id='word_1_812' title='bbox 1374 2717 1493 2752; x_wconf 70' lang='lat' dir='ltr'><strong>prmlzttttt</strong></span> <span class='ocrx_word' id='word_1_813' title='bbox 1521 2716 1648 2748; x_wconf 66' lang='lat' dir='ltr'><strong>alacrius,</strong></span> <span class='ocrx_word' id='word_1_814' title='bbox 1668 2720 1696 2742; x_wconf 92' lang='lat' dir='ltr'><strong>et</strong></span> 
     </span>
    </p>
   </div>
   <div class='ocr_carea' id='block_1_111' title="bbox 913 2761 1696 2802">
    <p class='ocr_par' dir='ltr' id='par_1_111' title="bbox 913 2761 1696 2802">
     <span class='ocr_line' id='line_1_111' title="bbox 913 2761 1696 2802; baseline -0.01 -8"><span class='ocrx_word' id='word_1_815' title='bbox 913 2775 972 2794; x_wconf 91' lang='lat' dir='ltr'><strong>cum</strong></span> <span class='ocrx_word' id='word_1_816' title='bbox 988 2774 1035 2802; x_wconf 87' lang='lat' dir='ltr'><strong>spe</strong></span> <span class='ocrx_word' id='word_1_817' title='bbox 1060 2767 1180 2793; x_wconf 78' lang='lat' dir='ltr'><strong>victorize</strong></span> <span class='ocrx_word' id='word_1_818' title='bbox 1207 2766 1322 2792; x_wconf 80' lang='lat' dir='ltr'><strong>certiore</strong></span> <span class='ocrx_word' id='word_1_819' title='bbox 1349 2763 1543 2798; x_wconf 83' lang='lat' dir='ltr'><strong>capessendum</strong></span> <span class='ocrx_word' id='word_1_820' title='bbox 1571 2761 1696 2788; x_wconf 86' lang='lat' dir='ltr'><strong>venirent</strong></span> 
     </span>
    </p>
   </div>
   <div class='ocr_carea' id='block_1_112' title="bbox 917 2809 1695 2850">
    <p class='ocr_par' dir='ltr' id='par_1_112' title="bbox 917 2809 1695 2850">
     <span class='ocr_line' id='line_1_112' title="bbox 917 2809 1695 2850; baseline -0.01 -9"><span class='ocrx_word' id='word_1_821' title='bbox 917 2813 1076 2850; x_wconf 84' lang='lat' dir='ltr'><strong>paratiores.</strong></span> <span class='ocrx_word' id='word_1_822' title='bbox 1093 2812 1129 2840; x_wconf 85' lang='lat' dir='ltr'><strong>Eo</strong></span> <span class='ocrx_word' id='word_1_823' title='bbox 1151 2812 1264 2840; x_wconf 86' lang='lat' dir='ltr'><strong>consilio</strong></span> <span class='ocrx_word' id='word_1_824' title='bbox 1284 2810 1469 2839; x_wconf 74' lang='lat' dir='ltr'><strong>Nicomediam</strong></span> <span class='ocrx_word' id='word_1_825' title='bbox 1487 2809 1695 2843; x_wconf 83' lang='lat' dir='ltr'><strong>imperator-pe-</strong></span> 
     </span>
    </p>
   </div>
  </div>
