  <div class='ocr_page' id='page_1' title='image "/cluster/home/n/w/nwhite01/storage/ocr_20150623/131/njp.32101077773073/647.png"; bbox 0 0 1854 3029; ppageno 0'>
   <div class='ocr_carea' id='block_1_1' title="bbox 210 82 942 120">
    <p class='ocr_par' dir='ltr' id='par_1_1' title="bbox 210 87 940 120">
     <span class='ocr_line' id='line_1_1' title="bbox 210 87 940 120; baseline -0.005 0"><span class='ocrx_word' id='word_1_1' title='bbox 210 88 277 120; x_wconf 69' lang='lat'><strong>1127</strong></span> <span class='ocrx_word' id='word_1_2' title='bbox 862 87 940 116; x_wconf 74' lang='lat' dir='ltr'><strong>ANN</strong></span> 
     </span>
    </p>
   </div>
   <div class='ocr_carea' id='block_1_2' title="bbox 1102 82 1834 120">
    <p class='ocr_par' dir='ltr' id='par_1_2' title="bbox 1102 82 1834 114">
     <span class='ocr_line' id='line_1_2' title="bbox 1102 82 1834 114; baseline 0 0"><span class='ocrx_word' id='word_1_3' title='bbox 1102 83 1183 114; x_wconf 63' lang='lat' dir='ltr'><strong>ENJZ</strong></span> <span class='ocrx_word' id='word_1_4' title='bbox 1780 82 1834 114; x_wconf 75' lang='grc' dir='ltr'><strong>1.ἶὲ</strong></span> 
     </span>
    </p>
   </div>
   <div class='ocr_carea' id='block_1_3' title="bbox 208 138 1836 183">
    <p class='ocr_par' dir='ltr' id='par_1_3' title="bbox 208 138 1836 183">
     <span class='ocr_line' id='line_1_3' title="bbox 208 138 1836 183; baseline -0.007 -8"><span class='ocrx_word' id='word_1_5' title='bbox 208 147 402 183; x_wconf 73' lang='lat' dir='ltr'><strong>insurgerent?</strong></span> <span class='ocrx_word' id='word_1_6' title='bbox 427 146 480 174; x_wconf 85' lang='lat' dir='ltr'><strong>Per</strong></span> <span class='ocrx_word' id='word_1_7' title='bbox 492 147 542 174; x_wconf 86' lang='lat' dir='ltr'><strong>bas</strong></span> <span class='ocrx_word' id='word_1_8' title='bbox 557 146 603 174; x_wconf 90' lang='lat' dir='ltr'><strong>ille</strong></span> <span class='ocrx_word' id='word_1_9' title='bbox 622 145 755 182; x_wconf 88' lang='lat' dir='ltr'><strong>procellas</strong></span> <span class='ocrx_word' id='word_1_10' title='bbox 769 143 901 180; x_wconf 69' lang='lat' dir='ltr'><strong>dignitate</strong></span> <span class='ocrx_word' id='word_1_11' title='bbox 925 149 1033 177; x_wconf 82' lang='lat' dir='ltr'><strong>semper</strong></span> <span class='ocrx_word' id='word_1_12' title='bbox 1055 141 1183 170; x_wconf 85' lang='lat' dir='ltr'><strong>incolumi</strong></span> <span class='ocrx_word' id='word_1_13' title='bbox 1203 140 1278 168; x_wconf 73' lang='lat' dir='ltr'><strong>varie</strong></span> <span class='ocrx_word' id='word_1_14' title='bbox 1299 140 1451 176; x_wconf 76' lang='lat' dir='ltr'><strong>defungens</strong></span> <span class='ocrx_word' id='word_1_15' title='bbox 1471 140 1595 168; x_wconf 88' lang='lat' dir='ltr'><strong>transiit.</strong></span> <span class='ocrx_word' id='word_1_16' title='bbox 1609 138 1755 166; x_wconf 83' lang='lat' dir='ltr'><strong>Interdum</strong></span> <span class='ocrx_word' id='word_1_17' title='bbox 1771 139 1836 164; x_wconf 71' lang='lat' dir='ltr'><strong>vide~</strong></span> 
     </span>
    </p>
   </div>
   <div class='ocr_carea' id='block_1_4' title="bbox 206 186 1838 228">
    <p class='ocr_par' dir='ltr' id='par_1_4' title="bbox 206 186 1838 228">
     <span class='ocr_line' id='line_1_4' title="bbox 206 186 1838 228; baseline -0.007 -6"><span class='ocrx_word' id='word_1_18' title='bbox 206 196 272 222; x_wconf 86' lang='lat' dir='ltr'><strong>licet</strong></span> <span class='ocrx_word' id='word_1_19' title='bbox 282 195 354 222; x_wconf 89' lang='lat' dir='ltr'><strong>nudo</strong></span> <span class='ocrx_word' id='word_1_20' title='bbox 369 194 467 228; x_wconf 86' lang='lat' dir='ltr'><strong>capite,</strong></span> <span class='ocrx_word' id='word_1_21' title='bbox 484 193 556 228; x_wconf 87' lang='lat' dir='ltr'><strong>quod</strong></span> <span class='ocrx_word' id='word_1_22' title='bbox 574 193 662 224; x_wconf 88' lang='lat' dir='ltr'><strong>aiunt,</strong></span> <span class='ocrx_word' id='word_1_23' title='bbox 679 191 821 227; x_wconf 77' lang='lat' dir='ltr'><strong>explicatis</strong></span> <span class='ocrx_word' id='word_1_24' title='bbox 841 191 954 218; x_wconf 80' lang='lat' dir='ltr'><strong>aciebus</strong></span> <span class='ocrx_word' id='word_1_25' title='bbox 981 193 1076 217; x_wconf 89' lang='lat' dir='ltr'><strong>contra</strong></span> <span class='ocrx_word' id='word_1_26' title='bbox 1094 188 1228 216; x_wconf 76' lang='lat' dir='ltr'><strong>Barbaros</strong></span> <span class='ocrx_word' id='word_1_27' title='bbox 1245 195 1378 215; x_wconf 87' lang='lat' dir='ltr'><strong>summam</strong></span> <span class='ocrx_word' id='word_1_28' title='bbox 1403 195 1494 215; x_wconf 89' lang='lat' dir='ltr'><strong>rerum</strong></span> <span class='ocrx_word' id='word_1_29' title='bbox 1506 187 1574 215; x_wconf 77' lang='lat' dir='ltr'><strong>alea:</strong></span> <span class='ocrx_word' id='word_1_30' title='bbox 1591 187 1679 222; x_wconf 78' lang='lat' dir='ltr'><strong>przelii</strong></span> <span class='ocrx_word' id='word_1_31' title='bbox 1695 186 1838 213; x_wconf 69' lang='lat' dir='ltr'><strong>commisit.</strong></span> 
     </span>
    </p>
   </div>
   <div class='ocr_carea' id='block_1_5' title="bbox 208 232 1840 272">
    <p class='ocr_par' dir='ltr' id='par_1_5' title="bbox 208 232 1840 272">
     <span class='ocr_line' id='line_1_5' title="bbox 208 232 1840 272; baseline -0.006 -3"><span class='ocrx_word' id='word_1_32' title='bbox 208 241 282 269; x_wconf 81' lang='lat' dir='ltr'><strong>Alias</strong></span> <span class='ocrx_word' id='word_1_33' title='bbox 295 241 508 268; x_wconf 86' lang='lat' dir='ltr'><strong>declinabuudus</strong></span> <span class='ocrx_word' id='word_1_34' title='bbox 523 239 668 267; x_wconf 73' lang='lat' dir='ltr'><strong>aﬂectabat</strong></span> <span class='ocrx_word' id='word_1_35' title='bbox 689 243 750 265; x_wconf 88' lang='lat' dir='ltr'><strong>arte</strong></span> <span class='ocrx_word' id='word_1_36' title='bbox 762 237 900 272; x_wconf 77' lang='lat' dir='ltr'><strong>specimen</strong></span> <span class='ocrx_word' id='word_1_37' title='bbox 918 235 1039 263; x_wconf 92' lang='lat' dir='ltr'><strong>timentis</strong></span> <span class='ocrx_word' id='word_1_38' title='bbox 1058 235 1226 269; x_wconf 81' lang='lat' dir='ltr'><strong>vitantisque</strong></span> <span class='ocrx_word' id='word_1_39' title='bbox 1241 241 1427 268; x_wconf 76' lang='lat' dir='ltr'><strong>congressum,</strong></span> <span class='ocrx_word' id='word_1_40' title='bbox 1444 234 1524 269; x_wconf 88' lang='lat' dir='ltr'><strong>quasi</strong></span> <span class='ocrx_word' id='word_1_41' title='bbox 1546 234 1606 261; x_wconf 83' lang='lat' dir='ltr'><strong>suis</strong></span> <span class='ocrx_word' id='word_1_42' title='bbox 1621 241 1727 268; x_wconf 88' lang='lat' dir='ltr'><strong>parum</strong></span> <span class='ocrx_word' id='word_1_43' title='bbox 1746 232 1840 259; x_wconf 78' lang='lat' dir='ltr'><strong>viribus</strong></span> 
     </span>
    </p>
   </div>
   <div class='ocr_carea' id='block_1_6' title="bbox 209 278 1839 322">
    <p class='ocr_par' dir='ltr' id='par_1_6' title="bbox 209 278 1839 322">
     <span class='ocr_line' id='line_1_6' title="bbox 209 278 1839 322; baseline -0.006 -9"><span class='ocrx_word' id='word_1_44' title='bbox 209 287 313 315; x_wconf 81' lang='lat' dir='ltr'><strong>ﬁderet.</strong></span> <span class='ocrx_word' id='word_1_45' title='bbox 333 287 417 322; x_wconf 61' lang='lat'><strong>468</strong></span> <span class='ocrx_word' id='word_1_46' title='bbox 431 286 476 314; x_wconf 81' lang='lat' dir='ltr'><strong>Sit:</strong></span> <span class='ocrx_word' id='word_1_47' title='bbox 492 286 565 313; x_wconf 73' lang='lat' dir='ltr'><strong>enim</strong></span> <span class='ocrx_word' id='word_1_48' title='bbox 580 293 670 313; x_wconf 88' lang='lat' dir='ltr'><strong>rerum</strong></span> <span class='ocrx_word' id='word_1_49' title='bbox 685 290 712 312; x_wconf 90' lang='lat' dir='ltr'><strong>ct</strong></span> <span class='ocrx_word' id='word_1_50' title='bbox 730 290 882 318; x_wconf 90' lang='lat' dir='ltr'><strong>temporum</strong></span> <span class='ocrx_word' id='word_1_51' title='bbox 899 282 1021 309; x_wconf 67' lang='lat' dir='ltr'><strong>conditio</strong></span> <span class='ocrx_word' id='word_1_52' title='bbox 1037 281 1177 316; x_wconf 83' lang='lat' dir='ltr'><strong>poscebat,</strong></span> <span class='ocrx_word' id='word_1_53' title='bbox 1198 285 1227 307; x_wconf 93' lang='lat' dir='ltr'><strong>ut</strong></span> <span class='ocrx_word' id='word_1_54' title='bbox 1241 287 1276 307; x_wconf 78' lang='lat' dir='ltr'><strong>ex</strong></span> <span class='ocrx_word' id='word_1_55' title='bbox 1290 279 1466 307; x_wconf 80' lang='lat' dir='ltr'><strong>simulatione</strong></span> <span class='ocrx_word' id='word_1_56' title='bbox 1496 286 1584 316; x_wconf 81' lang='lat' dir='ltr'><strong>metus</strong></span> <span class='ocrx_word' id='word_1_57' title='bbox 1602 279 1706 306; x_wconf 78' lang='lat' dir='ltr'><strong>salutis</strong></span> <span class='ocrx_word' id='word_1_58' title='bbox 1734 278 1839 313; x_wconf 66' lang='lat' dir='ltr'><strong>put-tn:</strong></span> 
     </span>
    </p>
   </div>
   <div class='ocr_carea' id='block_1_7' title="bbox 207 325 1837 369">
    <p class='ocr_par' dir='ltr' id='par_1_7' title="bbox 207 325 1837 369">
     <span class='ocr_line' id='line_1_7' title="bbox 207 325 1837 369; baseline -0.006 -9"><span class='ocrx_word' id='word_1_59' title='bbox 207 334 355 369; x_wconf 67' lang='lat' dir='ltr'><strong>gloriaeque</strong></span> <span class='ocrx_word' id='word_1_60' title='bbox 371 333 481 367; x_wconf 82' lang='lat' dir='ltr'><strong>majoris</strong></span> <span class='ocrx_word' id='word_1_61' title='bbox 496 333 604 360; x_wconf 79' lang='lat' dir='ltr'><strong>occasio</strong></span> <span class='ocrx_word' id='word_1_62' title='bbox 619 337 793 364; x_wconf 86' lang='lat' dir='ltr'><strong>nasceretur;</strong></span> <span class='ocrx_word' id='word_1_63' title='bbox 812 338 873 365; x_wconf 66' lang='lat' dir='ltr'><strong>qum</strong></span> <span class='ocrx_word' id='word_1_64' title='bbox 888 336 950 364; x_wconf 84' lang='lat' dir='ltr'><strong>spes</strong></span> <span class='ocrx_word' id='word_1_65' title='bbox 963 329 1051 362; x_wconf 90' lang='lat' dir='ltr'><strong>ipsmn</strong></span> <span class='ocrx_word' id='word_1_66' title='bbox 1070 335 1132 355; x_wconf 92' lang='lat' dir='ltr'><strong>raro</strong></span> <span class='ocrx_word' id='word_1_67' title='bbox 1148 327 1284 354; x_wconf 88' lang='lat' dir='ltr'><strong>destituit.</strong></span> <span class='ocrx_word' id='word_1_68' title='bbox 1302 327 1339 354; x_wconf 87' lang='lat' dir='ltr'><strong>Ut</strong></span> <span class='ocrx_word' id='word_1_69' title='bbox 1351 327 1423 354; x_wconf 88' lang='lat' dir='ltr'><strong>enim</strong></span> <span class='ocrx_word' id='word_1_70' title='bbox 1440 327 1524 354; x_wconf 89' lang='lat' dir='ltr'><strong>multa</strong></span> <span class='ocrx_word' id='word_1_71' title='bbox 1539 327 1635 361; x_wconf 87' lang='lat' dir='ltr'><strong>paucis</strong></span> <span class='ocrx_word' id='word_1_72' title='bbox 1650 326 1775 353; x_wconf 74' lang='lat' dir='ltr'><strong>breviter</strong></span> <span class='ocrx_word' id='word_1_73' title='bbox 1787 325 1837 351; x_wconf 76' lang='lat' dir='ltr'><strong>coi-</strong></span> 
     </span>
    </p>
   </div>
   <div class='ocr_carea' id='block_1_8' title="bbox 208 372 1835 416">
    <p class='ocr_par' dir='ltr' id='par_1_8' title="bbox 208 372 1835 416">
     <span class='ocr_line' id='line_1_8' title="bbox 208 372 1835 416; baseline -0.007 -7"><span class='ocrx_word' id='word_1_74' title='bbox 208 381 302 416; x_wconf 73' lang='lat' dir='ltr'><strong>ligam,</strong></span> <span class='ocrx_word' id='word_1_75' title='bbox 321 385 348 408; x_wconf 91' lang='lat' dir='ltr'><strong>et</strong></span> <span class='ocrx_word' id='word_1_76' title='bbox 363 379 469 413; x_wconf 80' lang='lat' dir='ltr'><strong>iugiens</strong></span> <span class='ocrx_word' id='word_1_77' title='bbox 482 379 526 406; x_wconf 90' lang='lat' dir='ltr'><strong>ille</strong></span> <span class='ocrx_word' id='word_1_78' title='bbox 542 379 692 414; x_wconf 84' lang='lat' dir='ltr'><strong>superavit,</strong></span> <span class='ocrx_word' id='word_1_79' title='bbox 713 382 742 405; x_wconf 91' lang='lat' dir='ltr'><strong>ct</strong></span> <span class='ocrx_word' id='word_1_80' title='bbox 759 382 928 412; x_wconf 88' lang='lat' dir='ltr'><strong>persequens</strong></span> <span class='ocrx_word' id='word_1_81' title='bbox 944 373 1010 400; x_wconf 73' lang='lat' dir='ltr'><strong>vicit</strong></span> <span class='ocrx_word' id='word_1_82' title='bbox 1021 393 1030 406; x_wconf 89' lang='lat'><strong>,</strong></span> <span class='ocrx_word' id='word_1_83' title='bbox 1045 377 1073 401; x_wconf 94' lang='lat' dir='ltr'><strong>et</strong></span> <span class='ocrx_word' id='word_1_84' title='bbox 1097 373 1242 408; x_wconf 86' lang='lat' dir='ltr'><strong>prolabens</strong></span> <span class='ocrx_word' id='word_1_85' title='bbox 1255 373 1396 408; x_wconf 86' lang='lat' dir='ltr'><strong>perstitit,</strong></span> <span class='ocrx_word' id='word_1_86' title='bbox 1414 376 1441 400; x_wconf 86' lang='lat' dir='ltr'><strong>et</strong></span> <span class='ocrx_word' id='word_1_87' title='bbox 1455 372 1587 407; x_wconf 82' lang='lat' dir='ltr'><strong>dejiciens</strong></span> <span class='ocrx_word' id='word_1_88' title='bbox 1600 378 1718 399; x_wconf 85' lang='lat' dir='ltr'><strong>erectus</strong></span> <span class='ocrx_word' id='word_1_89' title='bbox 1731 374 1835 403; x_wconf 81' lang='lat' dir='ltr'><strong>mansit;</strong></span> 
     </span>
    </p>
   </div>
   <div class='ocr_carea' id='block_1_9' title="bbox 210 419 1836 462">
    <p class='ocr_par' dir='ltr' id='par_1_9' title="bbox 210 419 1836 462">
     <span class='ocr_line' id='line_1_9' title="bbox 210 419 1836 462; baseline -0.006 -9"><span class='ocrx_word' id='word_1_90' title='bbox 210 428 290 462; x_wconf 85' lang='lat' dir='ltr'><strong>plane</strong></span> <span class='ocrx_word' id='word_1_91' title='bbox 304 432 332 455; x_wconf 92' lang='lat' dir='ltr'><strong>ut</strong></span> <span class='ocrx_word' id='word_1_92' title='bbox 349 427 466 455; x_wconf 85' lang='lat' dir='ltr'><strong>murices</strong></span> <span class='ocrx_word' id='word_1_93' title='bbox 485 427 647 460; x_wconf 79' lang='lat' dir='ltr'><strong>lricuspides</strong></span> <span class='ocrx_word' id='word_1_94' title='bbox 672 425 718 452; x_wconf 87' lang='lat' dir='ltr'><strong>tali</strong></span> <span class='ocrx_word' id='word_1_95' title='bbox 741 429 819 459; x_wconf 84' lang='lat' dir='ltr'><strong>aptos</strong></span> <span class='ocrx_word' id='word_1_96' title='bbox 844 423 942 458; x_wconf 76' lang='lat' dir='ltr'><strong>ﬁgura,</strong></span> <span class='ocrx_word' id='word_1_97' title='bbox 960 427 990 449; x_wconf 92' lang='lat' dir='ltr'><strong>nt</strong></span> <span class='ocrx_word' id='word_1_98' title='bbox 1014 420 1166 455; x_wconf 77' lang='lat' dir='ltr'><strong>quamlibet</strong></span> <span class='ocrx_word' id='word_1_99' title='bbox 1191 427 1240 448; x_wconf 89' lang='lat' dir='ltr'><strong>eos</strong></span> <span class='ocrx_word' id='word_1_100' title='bbox 1255 421 1281 448; x_wconf 85' lang='lat' dir='ltr'><strong>in</strong></span> <span class='ocrx_word' id='word_1_101' title='bbox 1297 419 1395 447; x_wconf 76' lang='lat' dir='ltr'><strong>faciem</strong></span> <span class='ocrx_word' id='word_1_102' title='bbox 1410 420 1540 455; x_wconf 76' lang='lat' dir='ltr'><strong>projicias</strong></span> <span class='ocrx_word' id='word_1_103' title='bbox 1551 426 1666 454; x_wconf 80' lang='lat' dir='ltr'><strong>setnper</strong></span> <span class='ocrx_word' id='word_1_104' title='bbox 1681 419 1751 446; x_wconf 82' lang='lat' dir='ltr'><strong>recti</strong></span> <span class='ocrx_word' id='word_1_105' title='bbox 1764 424 1836 445; x_wconf 75' lang='lat' dir='ltr'><strong>sicut.</strong></span> 
     </span>
    </p>
   </div>
   <div class='ocr_carea' id='block_1_10' title="bbox 210 465 1839 506">
    <p class='ocr_par' dir='ltr' id='par_1_10' title="bbox 210 465 1839 506">
     <span class='ocr_line' id='line_1_10' title="bbox 210 465 1839 506; baseline -0.007 -6"><span class='ocrx_word' id='word_1_106' title='bbox 210 474 327 501; x_wconf 76' lang='lat' dir='ltr'><strong>Rursum</strong></span> <span class='ocrx_word' id='word_1_107' title='bbox 345 473 388 500; x_wconf 88' lang='lat' dir='ltr'><strong>hic</strong></span> <span class='ocrx_word' id='word_1_108' title='bbox 405 479 502 499; x_wconf 83' lang='lat' dir='ltr'><strong>vereor</strong></span> <span class='ocrx_word' id='word_1_109' title='bbox 515 479 595 506; x_wconf 87' lang='lat' dir='ltr'><strong>quam</strong></span> <span class='ocrx_word' id='word_1_110' title='bbox 618 470 762 504; x_wconf 83' lang='lat' dir='ltr'><strong>deprecata</strong></span> <span class='ocrx_word' id='word_1_111' title='bbox 778 475 850 502; x_wconf 82' lang='lat' dir='ltr'><strong>sa-pe</strong></span> <span class='ocrx_word' id='word_1_112' title='bbox 870 475 931 494; x_wconf 80' lang='lat' dir='ltr'><strong>sum</strong></span> <span class='ocrx_word' id='word_1_113' title='bbox 956 466 1066 494; x_wconf 84' lang='lat' dir='ltr'><strong>lectoris</strong></span> <span class='ocrx_word' id='word_1_114' title='bbox 1081 465 1260 493; x_wconf 66' lang='lat' dir='ltr'><strong>offensionem</strong></span> <span class='ocrx_word' id='word_1_115' title='bbox 1273 465 1431 493; x_wconf 73' lang='lat' dir='ltr'><strong>domesticae</strong></span> <span class='ocrx_word' id='word_1_116' title='bbox 1445 474 1487 493; x_wconf 86' lang='lat' dir='ltr'><strong>me</strong></span> <span class='ocrx_word' id='word_1_117' title='bbox 1503 466 1647 500; x_wconf 79' lang='lat' dir='ltr'><strong>indulgere</strong></span> <span class='ocrx_word' id='word_1_118' title='bbox 1668 466 1768 500; x_wconf 63' lang='lat' dir='ltr'><strong>glori?</strong></span> <span class='ocrx_word' id='word_1_119' title='bbox 1783 473 1839 497; x_wconf 70' lang='lat' dir='ltr'><strong>que-</strong></span> 
     </span>
    </p>
   </div>
   <div class='ocr_carea' id='block_1_11' title="bbox 210 512 1841 552">
    <p class='ocr_par' dir='ltr' id='par_1_11' title="bbox 210 512 1841 552">
     <span class='ocr_line' id='line_1_11' title="bbox 210 512 1841 552; baseline -0.008 -4"><span class='ocrx_word' id='word_1_120' title='bbox 210 521 289 548; x_wconf 80' lang='lat' dir='ltr'><strong>sturi.</strong></span> <span class='ocrx_word' id='word_1_121' title='bbox 304 519 348 550; x_wconf 83' lang='lat' dir='ltr'><strong>At.</strong></span> <span class='ocrx_word' id='word_1_122' title='bbox 367 523 395 546; x_wconf 88' lang='lat' dir='ltr'><strong>nt</strong></span> <span class='ocrx_word' id='word_1_123' title='bbox 410 526 480 552; x_wconf 70' lang='lat' dir='ltr'><strong>stupe</strong></span> <span class='ocrx_word' id='word_1_124' title='bbox 499 517 566 549; x_wconf 81' lang='lat' dir='ltr'><strong>dixi,</strong></span> <span class='ocrx_word' id='word_1_125' title='bbox 586 524 639 544; x_wconf 92' lang='lat' dir='ltr'><strong>non</strong></span> <span class='ocrx_word' id='word_1_126' title='bbox 660 516 726 543; x_wconf 91' lang='lat' dir='ltr'><strong>mihi</strong></span> <span class='ocrx_word' id='word_1_127' title='bbox 744 517 831 550; x_wconf 77' lang='lat' dir='ltr'><strong>patris</strong></span> <span class='ocrx_word' id='word_1_128' title='bbox 845 521 922 541; x_wconf 89' lang='lat' dir='ltr'><strong>amor</strong></span> <span class='ocrx_word' id='word_1_129' title='bbox 934 513 1023 547; x_wconf 87' lang='lat' dir='ltr'><strong>potius</strong></span> <span class='ocrx_word' id='word_1_130' title='bbox 1037 519 1119 548; x_wconf 89' lang='lat' dir='ltr'><strong>qnam</strong></span> <span class='ocrx_word' id='word_1_131' title='bbox 1133 520 1222 538; x_wconf 83' lang='lat' dir='ltr'><strong>rerum</strong></span> <span class='ocrx_word' id='word_1_132' title='bbox 1235 512 1301 540; x_wconf 82' lang='lat' dir='ltr'><strong>ildes</strong></span> <span class='ocrx_word' id='word_1_133' title='bbox 1321 513 1440 548; x_wconf 89' lang='lat' dir='ltr'><strong>ipsarum</strong></span> <span class='ocrx_word' id='word_1_134' title='bbox 1462 518 1613 546; x_wconf 86' lang='lat' dir='ltr'><strong>naturaque</strong></span> <span class='ocrx_word' id='word_1_135' title='bbox 1628 512 1781 546; x_wconf 71' lang='lat' dir='ltr'><strong>proposita:</strong></span> <span class='ocrx_word' id='word_1_136' title='bbox 1794 521 1841 536; x_wconf 74' lang='lat' dir='ltr'><strong>tha-</strong></span> 
     </span>
    </p>
   </div>
   <div class='ocr_carea' id='block_1_12' title="bbox 208 559 1839 597">
    <p class='ocr_par' dir='ltr' id='par_1_12' title="bbox 208 559 1839 597">
     <span class='ocr_line' id='line_1_12' title="bbox 208 559 1839 597; baseline -0.006 -3"><span class='ocrx_word' id='word_1_137' title='bbox 208 567 286 594; x_wconf 67' lang='lat' dir='ltr'><strong>tcrite</strong></span> <span class='ocrx_word' id='word_1_138' title='bbox 313 566 382 592; x_wconf 90' lang='lat' dir='ltr'><strong>hanc</strong></span> <span class='ocrx_word' id='word_1_139' title='bbox 410 564 561 591; x_wconf 86' lang='lat' dir='ltr'><strong>orationem</strong></span> <span class='ocrx_word' id='word_1_140' title='bbox 588 563 717 597; x_wconf 79' lang='lat' dir='ltr'><strong>suggerit.</strong></span> <span class='ocrx_word' id='word_1_141' title='bbox 749 563 814 596; x_wconf 81' lang='lat' dir='ltr'><strong>Quae</strong></span> <span class='ocrx_word' id='word_1_142' title='bbox 834 569 915 596; x_wconf 89' lang='lat' dir='ltr'><strong>porro</strong></span> <span class='ocrx_word' id='word_1_143' title='bbox 931 559 1034 587; x_wconf 89' lang='lat' dir='ltr'><strong>invidia</strong></span> <span class='ocrx_word' id='word_1_144' title='bbox 1059 564 1111 590; x_wconf 86' lang='lat' dir='ltr'><strong>est.</strong></span> <span class='ocrx_word' id='word_1_145' title='bbox 1131 559 1175 586; x_wconf 91' lang='lat' dir='ltr'><strong>ubi</strong></span> <span class='ocrx_word' id='word_1_146' title='bbox 1202 567 1250 593; x_wconf 91' lang='lat' dir='ltr'><strong>per</strong></span> <span class='ocrx_word' id='word_1_147' title='bbox 1264 559 1406 587; x_wconf 82' lang='lat' dir='ltr'><strong>veritatem</strong></span> <span class='ocrx_word' id='word_1_148' title='bbox 1423 560 1514 592; x_wconf 90' lang='lat' dir='ltr'><strong>liceat,</strong></span> <span class='ocrx_word' id='word_1_149' title='bbox 1530 567 1583 586; x_wconf 93' lang='lat' dir='ltr'><strong>uno</strong></span> <span class='ocrx_word' id='word_1_150' title='bbox 1597 567 1641 586; x_wconf 90' lang='lat' dir='ltr'><strong>me</strong></span> <span class='ocrx_word' id='word_1_151' title='bbox 1666 559 1744 585; x_wconf 79' lang='lat' dir='ltr'><strong>facto</strong></span> <span class='ocrx_word' id='word_1_152' title='bbox 1757 560 1839 585; x_wconf 69' lang='lat' dir='ltr'><strong>eodun</strong></span> 
     </span>
    </p>
   </div>
   <div class='ocr_carea' id='block_1_13' title="bbox 211 605 1841 648">
    <p class='ocr_par' dir='ltr' id='par_1_13' title="bbox 211 605 1841 648">
     <span class='ocr_line' id='line_1_13' title="bbox 211 605 1841 648; baseline -0.007 -8"><span class='ocrx_word' id='word_1_153' title='bbox 211 614 306 648; x_wconf 76' lang='lat' dir='ltr'><strong>duplex</strong></span> <span class='ocrx_word' id='word_1_154' title='bbox 320 612 436 639; x_wconf 80' lang='lat' dir='ltr'><strong>cilicium</strong></span> <span class='ocrx_word' id='word_1_155' title='bbox 451 611 602 642; x_wconf 79' lang='lat' dir='ltr'><strong>exsolvere,</strong></span> <span class='ocrx_word' id='word_1_156' title='bbox 625 618 655 636; x_wconf 81' lang='lat' dir='ltr'><strong>ae</strong></span> <span class='ocrx_word' id='word_1_157' title='bbox 677 610 763 644; x_wconf 80' lang='lat' dir='ltr'><strong>patris</strong></span> <span class='ocrx_word' id='word_1_158' title='bbox 787 608 868 637; x_wconf 87' lang='lat' dir='ltr'><strong>simul</strong></span> <span class='ocrx_word' id='word_1_159' title='bbox 887 612 1038 639; x_wconf 89' lang='lat' dir='ltr'><strong>amantem,</strong></span> <span class='ocrx_word' id='word_1_160' title='bbox 1054 606 1135 633; x_wconf 90' lang='lat' dir='ltr'><strong>simul</strong></span> <span class='ocrx_word' id='word_1_161' title='bbox 1156 605 1213 632; x_wconf 87' lang='lat' dir='ltr'><strong>veri</strong></span> <span class='ocrx_word' id='word_1_162' title='bbox 1242 607 1391 634; x_wconf 83' lang='lat' dir='ltr'><strong>studiosam</strong></span> <span class='ocrx_word' id='word_1_163' title='bbox 1415 614 1475 634; x_wconf 86' lang='lat' dir='ltr'><strong>esse</strong></span> <span class='ocrx_word' id='word_1_164' title='bbox 1496 614 1527 633; x_wconf 88' lang='lat' dir='ltr'><strong>ac</strong></span> <span class='ocrx_word' id='word_1_165' title='bbox 1543 606 1651 632; x_wconf 78' lang='lat' dir='ltr'><strong>videri?</strong></span> <span class='ocrx_word' id='word_1_166' title='bbox 1670 605 1785 639; x_wconf 80' lang='lat' dir='ltr'><strong>Optimo</strong></span> <span class='ocrx_word' id='word_1_167' title='bbox 1800 614 1841 637; x_wconf 63' lang='lat' dir='ltr'><strong>ego</strong></span> 
     </span>
    </p>
   </div>
   <div class='ocr_carea' id='block_1_14' title="bbox 212 653 1838 692">
    <p class='ocr_par' dir='ltr' id='par_1_14' title="bbox 212 653 1838 692">
     <span class='ocr_line' id='line_1_14' title="bbox 212 653 1838 692; baseline -0.006 -6"><span class='ocrx_word' id='word_1_168' title='bbox 212 661 303 688; x_wconf 89' lang='lat' dir='ltr'><strong>animo</strong></span> <span class='ocrx_word' id='word_1_169' title='bbox 320 667 412 686; x_wconf 80' lang='lat' dir='ltr'><strong>veram</strong></span> <span class='ocrx_word' id='word_1_170' title='bbox 433 659 573 686; x_wconf 72' lang='lat' dir='ltr'><strong>hismriam</strong></span> <span class='ocrx_word' id='word_1_171' title='bbox 604 663 767 692; x_wconf 81' lang='lat' dir='ltr'><strong>componere</strong></span> <span class='ocrx_word' id='word_1_172' title='bbox 789 663 848 684; x_wconf 90' lang='lat' dir='ltr'><strong>sum</strong></span> <span class='ocrx_word' id='word_1_173' title='bbox 867 662 1006 690; x_wconf 70' lang='lat' dir='ltr'><strong>aggressa.</strong></span> <span class='ocrx_word' id='word_1_174' title='bbox 1030 653 1122 689; x_wconf 79' lang='lat' dir='ltr'><strong>Delegi</strong></span> <span class='ocrx_word' id='word_1_175' title='bbox 1150 654 1183 681; x_wconf 81' lang='lat' dir='ltr'><strong>ad</strong></span> <span class='ocrx_word' id='word_1_176' title='bbox 1212 654 1236 681; x_wconf 88' lang='lat' dir='ltr'><strong>id</strong></span> <span class='ocrx_word' id='word_1_177' title='bbox 1254 655 1338 681; x_wconf 88' lang='lat' dir='ltr'><strong>vitam</strong></span> <span class='ocrx_word' id='word_1_178' title='bbox 1355 662 1451 688; x_wconf 87' lang='lat' dir='ltr'><strong>resque</strong></span> <span class='ocrx_word' id='word_1_179' title='bbox 1467 660 1555 688; x_wconf 82' lang='lat' dir='ltr'><strong>gestas</strong></span> <span class='ocrx_word' id='word_1_180' title='bbox 1571 654 1623 680; x_wconf 63' lang='lat' dir='ltr'><strong>\‘iri</strong></span> <span class='ocrx_word' id='word_1_181' title='bbox 1654 654 1734 681; x_wconf 87' lang='lat' dir='ltr'><strong>boni.</strong></span> <span class='ocrx_word' id='word_1_182' title='bbox 1753 653 1780 679; x_wconf 88' lang='lat' dir='ltr'><strong>Si</strong></span> <span class='ocrx_word' id='word_1_183' title='bbox 1796 664 1838 687; x_wconf 46' lang='lat' dir='ltr'><strong>qui</strong></span> 
     </span>
    </p>
   </div>
   <div class='ocr_carea' id='block_1_15' title="bbox 210 701 1838 739">
    <p class='ocr_par' dir='ltr' id='par_1_15' title="bbox 210 701 1838 739">
     <span class='ocr_line' id='line_1_15' title="bbox 210 701 1838 739; baseline -0.005 -6"><span class='ocrx_word' id='word_1_184' title='bbox 210 715 274 734; x_wconf 69' lang='lat' dir='ltr'><strong>casn</strong></span> <span class='ocrx_word' id='word_1_185' title='bbox 288 706 433 739; x_wconf 81' lang='lat' dir='ltr'><strong>contigerit</strong></span> <span class='ocrx_word' id='word_1_186' title='bbox 451 711 479 731; x_wconf 92' lang='lat' dir='ltr'><strong>nt</strong></span> <span class='ocrx_word' id='word_1_187' title='bbox 495 706 565 732; x_wconf 89' lang='lat' dir='ltr'><strong>idem</strong></span> <span class='ocrx_word' id='word_1_188' title='bbox 587 705 630 739; x_wconf 89' lang='lat' dir='ltr'><strong>qni</strong></span> <span class='ocrx_word' id='word_1_189' title='bbox 649 703 808 738; x_wconf 65' lang='lat' dir='ltr'><strong>scriptionis</strong></span> <span class='ocrx_word' id='word_1_190' title='bbox 825 707 1016 738; x_wconf 79' lang='lat' dir='ltr'><strong>argumentum</strong></span> <span class='ocrx_word' id='word_1_191' title='bbox 1031 706 1074 730; x_wconf 76' lang='lat' dir='ltr'><strong>est</strong></span> <span class='ocrx_word' id='word_1_192' title='bbox 1099 707 1175 736; x_wconf 86' lang='lat' dir='ltr'><strong>pater</strong></span> <span class='ocrx_word' id='word_1_193' title='bbox 1191 708 1297 735; x_wconf 84' lang='lat' dir='ltr'><strong>quoque</strong></span> <span class='ocrx_word' id='word_1_194' title='bbox 1316 701 1352 728; x_wconf 87' lang='lat' dir='ltr'><strong>sit</strong></span> <span class='ocrx_word' id='word_1_195' title='bbox 1372 701 1527 733; x_wconf 77' lang='lat' dir='ltr'><strong>scribentis,</strong></span> <span class='ocrx_word' id='word_1_196' title='bbox 1547 707 1610 734; x_wconf 89' lang='lat' dir='ltr'><strong>peto</strong></span> <span class='ocrx_word' id='word_1_197' title='bbox 1637 701 1665 728; x_wconf 89' lang='lat' dir='ltr'><strong>ni</strong></span> <span class='ocrx_word' id='word_1_198' title='bbox 1695 701 1778 727; x_wconf 82' lang='lat' dir='ltr'><strong>fallor</strong></span> <span class='ocrx_word' id='word_1_199' title='bbox 1790 702 1838 735; x_wconf 63' lang='lat' dir='ltr'><strong>jam</strong></span> 
     </span>
    </p>
   </div>
   <div class='ocr_carea' id='block_1_16' title="bbox 211 747 1839 788">
    <p class='ocr_par' dir='ltr' id='par_1_16' title="bbox 211 747 1839 788">
     <span class='ocr_line' id='line_1_16' title="bbox 211 747 1839 788; baseline -0.006 -7"><span class='ocrx_word' id='word_1_200' title='bbox 211 762 271 781; x_wconf 88' lang='lat' dir='ltr'><strong>meo</strong></span> <span class='ocrx_word' id='word_1_201' title='bbox 292 759 320 780; x_wconf 93' lang='lat' dir='ltr'><strong>ut</strong></span> <span class='ocrx_word' id='word_1_202' title='bbox 336 759 454 788; x_wconf 71' lang='lat' dir='ltr'><strong>puttalur</strong></span> <span class='ocrx_word' id='word_1_203' title='bbox 466 757 543 778; x_wconf 82' lang='lat' dir='ltr'><strong>extra</strong></span> <span class='ocrx_word' id='word_1_204' title='bbox 559 758 670 777; x_wconf 82' lang='lat' dir='ltr'><strong>causam</strong></span> <span class='ocrx_word' id='word_1_205' title='bbox 689 750 775 784; x_wconf 79' lang='lat' dir='ltr'><strong>patris</strong></span> <span class='ocrx_word' id='word_1_206' title='bbox 790 756 898 781; x_wconf 89' lang='lat' dir='ltr'><strong>nomen,</strong></span> <span class='ocrx_word' id='word_1_207' title='bbox 919 756 986 776; x_wconf 88' lang='lat' dir='ltr'><strong>neve</strong></span> <span class='ocrx_word' id='word_1_208' title='bbox 1007 754 1111 776; x_wconf 65' lang='lat' dir='ltr'><strong>naturae</strong></span> <span class='ocrx_word' id='word_1_209' title='bbox 1126 747 1284 781; x_wconf 87' lang='lat' dir='ltr'><strong>conjunctio</strong></span> <span class='ocrx_word' id='word_1_210' title='bbox 1302 747 1328 774; x_wconf 94' lang='lat' dir='ltr'><strong>in</strong></span> <span class='ocrx_word' id='word_1_211' title='bbox 1343 748 1475 774; x_wconf 76' lang='lat' dir='ltr'><strong>mendacii</strong></span> <span class='ocrx_word' id='word_1_212' title='bbox 1490 747 1680 787; x_wconf 75' lang='lat' dir='ltr'><strong>pra-judicium</strong></span> <span class='ocrx_word' id='word_1_213' title='bbox 1697 751 1747 773; x_wconf 87' lang='lat' dir='ltr'><strong>aut</strong></span> <span class='ocrx_word' id='word_1_214' title='bbox 1761 748 1839 773; x_wconf 72' lang='lat' dir='ltr'><strong>clera-</strong></span> 
     </span>
    </p>
   </div>
   <div class='ocr_carea' id='block_1_17' title="bbox 210 793 1837 831">
    <p class='ocr_par' dir='ltr' id='par_1_17' title="bbox 210 793 1837 831">
     <span class='ocr_line' id='line_1_17' title="bbox 210 793 1837 831; baseline -0.005 -5"><span class='ocrx_word' id='word_1_215' title='bbox 210 800 309 827; x_wconf 87' lang='lat' dir='ltr'><strong>tionem</strong></span> <span class='ocrx_word' id='word_1_216' title='bbox 327 799 389 826; x_wconf 86' lang='lat' dir='ltr'><strong>ﬁdei</strong></span> <span class='ocrx_word' id='word_1_217' title='bbox 408 798 542 825; x_wconf 86' lang='lat' dir='ltr'><strong>trahatur.</strong></span> <span class='ocrx_word' id='word_1_218' title='bbox 562 797 627 823; x_wconf 80' lang='lat' dir='ltr'><strong>Aliis</strong></span> <span class='ocrx_word' id='word_1_219' title='bbox 638 804 688 831; x_wconf 79' lang='lat' dir='ltr'><strong>ego</strong></span> <span class='ocrx_word' id='word_1_220' title='bbox 704 803 770 824; x_wconf 85' lang='lat' dir='ltr'><strong>sane</strong></span> <span class='ocrx_word' id='word_1_221' title='bbox 791 796 889 823; x_wconf 74' lang='lat' dir='ltr'><strong>ciliciis</strong></span> <span class='ocrx_word' id='word_1_222' title='bbox 904 803 934 823; x_wconf 92' lang='lat' dir='ltr'><strong>ac</strong></span> <span class='ocrx_word' id='word_1_223' title='bbox 948 796 1029 823; x_wconf 88' lang='lat' dir='ltr'><strong>rebus</strong></span> <span class='ocrx_word' id='word_1_224' title='bbox 1051 794 1159 830; x_wconf 84' lang='lat' dir='ltr'><strong>pietatis</strong></span> <span class='ocrx_word' id='word_1_225' title='bbox 1177 801 1240 828; x_wconf 75' lang='lat' dir='ltr'><strong>erga</strong></span> <span class='ocrx_word' id='word_1_226' title='bbox 1258 797 1362 828; x_wconf 83' lang='lat' dir='ltr'><strong>patrem</strong></span> <span class='ocrx_word' id='word_1_227' title='bbox 1383 793 1504 821; x_wconf 82' lang='lat' dir='ltr'><strong>debitum</strong></span> <span class='ocrx_word' id='word_1_228' title='bbox 1520 794 1639 829; x_wconf 74' lang='lat' dir='ltr'><strong>explevi,</strong></span> <span class='ocrx_word' id='word_1_229' title='bbox 1662 795 1736 821; x_wconf 70' lang='lat' dir='ltr'><strong>adeo</strong></span> <span class='ocrx_word' id='word_1_230' title='bbox 1752 800 1780 821; x_wconf 91' lang='lat' dir='ltr'><strong>ut</strong></span> <span class='ocrx_word' id='word_1_231' title='bbox 1798 796 1837 819; x_wconf 59' lang='lat' dir='ltr'><strong>id:</strong></span> 
     </span>
    </p>
   </div>
   <div class='ocr_carea' id='block_1_18' title="bbox 212 840 1839 876">
    <p class='ocr_par' dir='ltr' id='par_1_18' title="bbox 212 840 1839 876">
     <span class='ocr_line' id='line_1_18' title="bbox 212 840 1839 876; baseline -0.002 -5"><span class='ocrx_word' id='word_1_232' title='bbox 212 846 440 872; x_wconf 83' lang='lat' dir='ltr'><strong>etiamcharitate</strong></span> <span class='ocrx_word' id='word_1_233' title='bbox 454 843 626 870; x_wconf 86' lang='lat' dir='ltr'><strong>inimicorum</strong></span> <span class='ocrx_word' id='word_1_234' title='bbox 644 843 668 869; x_wconf 92' lang='lat' dir='ltr'><strong>in</strong></span> <span class='ocrx_word' id='word_1_235' title='bbox 697 849 740 869; x_wconf 90' lang='lat' dir='ltr'><strong>me</strong></span> <span class='ocrx_word' id='word_1_236' title='bbox 762 841 828 872; x_wconf 86' lang='lat' dir='ltr'><strong>iras.</strong></span> <span class='ocrx_word' id='word_1_237' title='bbox 846 841 901 869; x_wconf 90' lang='lat' dir='ltr'><strong>imo</strong></span> <span class='ocrx_word' id='word_1_238' title='bbox 925 842 1016 868; x_wconf 86' lang='lat' dir='ltr'><strong>hastas</strong></span> <span class='ocrx_word' id='word_1_239' title='bbox 1034 845 1062 868; x_wconf 89' lang='lat' dir='ltr'><strong>et</strong></span> <span class='ocrx_word' id='word_1_240' title='bbox 1089 847 1234 866; x_wconf 80' lang='lat' dir='ltr'><strong>mucrones</strong></span> <span class='ocrx_word' id='word_1_241' title='bbox 1258 840 1388 872; x_wconf 85' lang='lat' dir='ltr'><strong>acuerim,</strong></span> <span class='ocrx_word' id='word_1_242' title='bbox 1405 840 1485 873; x_wconf 90' lang='lat' dir='ltr'><strong>cujus</strong></span> <span class='ocrx_word' id='word_1_243' title='bbox 1517 841 1555 867; x_wconf 90' lang='lat' dir='ltr'><strong>rei</strong></span> <span class='ocrx_word' id='word_1_244' title='bbox 1572 846 1661 868; x_wconf 73' lang='lat' dir='ltr'><strong>testes</strong></span> <span class='ocrx_word' id='word_1_245' title='bbox 1683 841 1775 876; x_wconf 69' lang='lat' dir='ltr'><strong>apell.)</strong></span> <span class='ocrx_word' id='word_1_246' title='bbox 1804 850 1839 868; x_wconf 67' lang='lat' dir='ltr'><strong>es</strong></span> 
     </span>
    </p>
   </div>
   <div class='ocr_carea' id='block_1_19' title="bbox 211 886 1838 926">
    <p class='ocr_par' dir='ltr' id='par_1_19' title="bbox 211 886 1838 926">
     <span class='ocr_line' id='line_1_19' title="bbox 211 886 1838 926; baseline -0.002 -7"><span class='ocrx_word' id='word_1_247' title='bbox 211 901 306 920; x_wconf 88' lang='lat' dir='ltr'><strong>omnes</strong></span> <span class='ocrx_word' id='word_1_248' title='bbox 319 893 363 926; x_wconf 89' lang='lat' dir='ltr'><strong>qui</strong></span> <span class='ocrx_word' id='word_1_249' title='bbox 382 899 424 917; x_wconf 88' lang='lat' dir='ltr'><strong>res</strong></span> <span class='ocrx_word' id='word_1_250' title='bbox 438 898 512 918; x_wconf 83' lang='lat' dir='ltr'><strong>meas</strong></span> <span class='ocrx_word' id='word_1_251' title='bbox 528 898 580 917; x_wconf 92' lang='lat' dir='ltr'><strong>non</strong></span> <span class='ocrx_word' id='word_1_252' title='bbox 595 888 732 916; x_wconf 83' lang='lat' dir='ltr'><strong>nesciunt.</strong></span> <span class='ocrx_word' id='word_1_253' title='bbox 747 887 775 914; x_wconf 90' lang='lat' dir='ltr'><strong>In</strong></span> <span class='ocrx_word' id='word_1_254' title='bbox 794 887 846 915; x_wconf 92' lang='lat' dir='ltr'><strong>hoc</strong></span> <span class='ocrx_word' id='word_1_255' title='bbox 857 887 969 922; x_wconf 83' lang='lat' dir='ltr'><strong>quidem</strong></span> <span class='ocrx_word' id='word_1_256' title='bbox 987 887 1079 915; x_wconf 79' lang='lat' dir='ltr'><strong>labore</strong></span> <span class='ocrx_word' id='word_1_257' title='bbox 1095 894 1127 914; x_wconf 86' lang='lat' dir='ltr'><strong>ac</strong></span> <span class='ocrx_word' id='word_1_258' title='bbox 1143 887 1295 921; x_wconf 87' lang='lat' dir='ltr'><strong>scriptione</strong></span> <span class='ocrx_word' id='word_1_259' title='bbox 1309 886 1391 921; x_wconf 86' lang='lat' dir='ltr'><strong>hujus</strong></span> <span class='ocrx_word' id='word_1_260' title='bbox 1408 887 1499 920; x_wconf 86' lang='lat' dir='ltr'><strong>operis</strong></span> <span class='ocrx_word' id='word_1_261' title='bbox 1519 887 1563 913; x_wconf 92' lang='lat' dir='ltr'><strong>nni</strong></span> <span class='ocrx_word' id='word_1_262' title='bbox 1586 888 1652 914; x_wconf 87' lang='lat' dir='ltr'><strong>mihi</strong></span> <span class='ocrx_word' id='word_1_263' title='bbox 1673 891 1838 923; x_wconf 70' lang='lat' dir='ltr'><strong>propositum</strong></span> 
     </span>
    </p>
   </div>
   <div class='ocr_carea' id='block_1_20' title="bbox 212 934 1839 971">
    <p class='ocr_par' dir='ltr' id='par_1_20' title="bbox 212 934 1839 971">
     <span class='ocr_line' id='line_1_20' title="bbox 212 934 1839 971; baseline -0.002 -5"><span class='ocrx_word' id='word_1_264' title='bbox 212 944 254 966; x_wconf 85' lang='lat' dir='ltr'><strong>est</strong></span> <span class='ocrx_word' id='word_1_265' title='bbox 270 939 349 966; x_wconf 87' lang='lat' dir='ltr'><strong>litare</strong></span> <span class='ocrx_word' id='word_1_266' title='bbox 363 938 483 964; x_wconf 86' lang='lat' dir='ltr'><strong>veritati.</strong></span> <span class='ocrx_word' id='word_1_267' title='bbox 500 937 572 964; x_wconf 88' lang='lat' dir='ltr'><strong>Snus</strong></span> <span class='ocrx_word' id='word_1_268' title='bbox 595 943 691 971; x_wconf 86' lang='lat' dir='ltr'><strong>nempe</strong></span> <span class='ocrx_word' id='word_1_269' title='bbox 707 936 854 970; x_wconf 90' lang='lat' dir='ltr'><strong>unicuique</strong></span> <span class='ocrx_word' id='word_1_270' title='bbox 869 935 958 962; x_wconf 85' lang='lat' dir='ltr'><strong>cilicio</strong></span> <span class='ocrx_word' id='word_1_271' title='bbox 984 935 1071 968; x_wconf 80' lang='lat' dir='ltr'><strong>locus,</strong></span> <span class='ocrx_word' id='word_1_272' title='bbox 1087 942 1136 962; x_wconf 87' lang='lat' dir='ltr'><strong>sua</strong></span> <span class='ocrx_word' id='word_1_273' title='bbox 1150 935 1218 962; x_wconf 89' lang='lat' dir='ltr'><strong>hora</strong></span> <span class='ocrx_word' id='word_1_274' title='bbox 1234 940 1286 962; x_wconf 88' lang='lat' dir='ltr'><strong>est.</strong></span> <span class='ocrx_word' id='word_1_275' title='bbox 1307 934 1370 961; x_wconf 85' lang='lat' dir='ltr'><strong>Fuit</strong></span> <span class='ocrx_word' id='word_1_276' title='bbox 1381 941 1461 967; x_wconf 74' lang='lat' dir='ltr'><strong>sane,</strong></span> <span class='ocrx_word' id='word_1_277' title='bbox 1479 934 1529 961; x_wconf 76' lang='lat' dir='ltr'><strong>fuit</strong></span> <span class='ocrx_word' id='word_1_278' title='bbox 1542 935 1614 962; x_wconf 83' lang='lat' dir='ltr'><strong>aliud</strong></span> <span class='ocrx_word' id='word_1_279' title='bbox 1636 937 1745 963; x_wconf 65' lang='lat' dir='ltr'><strong>animi;</strong></span> <span class='ocrx_word' id='word_1_280' title='bbox 1761 939 1785 963; x_wconf 88' lang='lat' dir='ltr'><strong>iu</strong></span> <span class='ocrx_word' id='word_1_281' title='bbox 1802 946 1839 971; x_wconf 59' lang='grc' dir='ltr'>ιιι-</span> 
     </span>
    </p>
   </div>
   <div class='ocr_carea' id='block_1_21' title="bbox 214 981 1840 1017">
    <p class='ocr_par' dir='ltr' id='par_1_21' title="bbox 214 981 1840 1017">
     <span class='ocr_line' id='line_1_21' title="bbox 214 981 1840 1017; baseline -0.002 -4"><span class='ocrx_word' id='word_1_282' title='bbox 214 992 281 1013; x_wconf 91' lang='lat' dir='ltr'><strong>trem</strong></span> <span class='ocrx_word' id='word_1_283' title='bbox 298 985 349 1012; x_wconf 84' lang='grc' dir='ltr'>ιιιοί</span> <span class='ocrx_word' id='word_1_284' title='bbox 373 984 528 1011; x_wconf 86' lang='lat' dir='ltr'><strong>declarandi</strong></span> <span class='ocrx_word' id='word_1_285' title='bbox 543 988 663 1017; x_wconf 87' lang='lat' dir='ltr'><strong>tempus,</strong></span> <span class='ocrx_word' id='word_1_286' title='bbox 685 982 786 1011; x_wconf 87' lang='lat' dir='ltr'><strong>ﬂorens</strong></span> <span class='ocrx_word' id='word_1_287' title='bbox 809 982 936 1009; x_wconf 93' lang='lat' dir='ltr'><strong>nimirum</strong></span> <span class='ocrx_word' id='word_1_288' title='bbox 955 987 1021 1010; x_wconf 70' lang='lat' dir='ltr'><strong>tetas</strong></span> <span class='ocrx_word' id='word_1_289' title='bbox 1040 986 1144 1012; x_wconf 88' lang='lat' dir='ltr'><strong>nostra,</strong></span> <span class='ocrx_word' id='word_1_290' title='bbox 1161 989 1220 1016; x_wconf 63' lang='lat' dir='ltr'><strong>quae</strong></span> <span class='ocrx_word' id='word_1_291' title='bbox 1237 981 1281 1008; x_wconf 93' lang='lat' dir='ltr'><strong>illo</strong></span> <span class='ocrx_word' id='word_1_292' title='bbox 1305 987 1436 1017; x_wconf 71' lang='lat' dir='ltr'><strong>regnante</strong></span> <span class='ocrx_word' id='word_1_293' title='bbox 1449 983 1596 1015; x_wconf 81' lang='lat' dir='ltr'><strong>maturuit;</strong></span> <span class='ocrx_word' id='word_1_294' title='bbox 1617 983 1674 1010; x_wconf 74' lang='lat' dir='ltr'><strong>alia</strong></span> <span class='ocrx_word' id='word_1_295' title='bbox 1695 991 1768 1010; x_wconf 81' lang='lat' dir='ltr'><strong>nunc</strong></span> <span class='ocrx_word' id='word_1_296' title='bbox 1783 991 1840 1011; x_wconf 78' lang='lat' dir='ltr'><strong>ten-</strong></span> 
     </span>
    </p>
   </div>
   <div class='ocr_carea' id='block_1_22' title="bbox 213 1029 1840 1068">
    <p class='ocr_par' dir='ltr' id='par_1_22' title="bbox 213 1029 1840 1068">
     <span class='ocr_line' id='line_1_22' title="bbox 213 1029 1840 1068; baseline -0.001 -9"><span class='ocrx_word' id='word_1_297' title='bbox 213 1037 305 1068; x_wconf 83' lang='lat' dir='ltr'><strong>pestas</strong></span> <span class='ocrx_word' id='word_1_298' title='bbox 321 1032 438 1058; x_wconf 88' lang='lat' dir='ltr'><strong>vertitur</strong></span> <span class='ocrx_word' id='word_1_299' title='bbox 450 1051 458 1064; x_wconf 97' lang='lat'><strong>,</strong></span> <span class='ocrx_word' id='word_1_300' title='bbox 474 1031 526 1058; x_wconf 86' lang='lat' dir='ltr'><strong>alia</strong></span> <span class='ocrx_word' id='word_1_301' title='bbox 551 1034 650 1065; x_wconf 69' lang='lat' dir='ltr'><strong>praesto</strong></span> <span class='ocrx_word' id='word_1_302' title='bbox 664 1034 706 1057; x_wconf 85' lang='lat' dir='ltr'><strong>est</strong></span> <span class='ocrx_word' id='word_1_303' title='bbox 718 1030 839 1063; x_wconf 86' lang='lat' dir='ltr'><strong>occasio,</strong></span> <span class='ocrx_word' id='word_1_304' title='bbox 865 1029 944 1064; x_wconf 86' lang='lat' dir='ltr'><strong>cujus</strong></span> <span class='ocrx_word' id='word_1_305' title='bbox 969 1035 1136 1057; x_wconf 87' lang='lat' dir='ltr'><strong>momentum</strong></span> <span class='ocrx_word' id='word_1_306' title='bbox 1160 1029 1245 1057; x_wconf 82' lang='lat' dir='ltr'><strong>breve</strong></span> <span class='ocrx_word' id='word_1_307' title='bbox 1260 1037 1293 1057; x_wconf 82' lang='lat' dir='ltr'><strong>ac</strong></span> <span class='ocrx_word' id='word_1_308' title='bbox 1320 1029 1454 1058; x_wconf 88' lang='lat' dir='ltr'><strong>lnbrictnn</strong></span> <span class='ocrx_word' id='word_1_309' title='bbox 1474 1031 1540 1058; x_wconf 91' lang='lat' dir='ltr'><strong>mihi</strong></span> <span class='ocrx_word' id='word_1_310' title='bbox 1554 1031 1672 1058; x_wconf 83' lang='lat' dir='ltr'><strong>eﬂluere</strong></span> <span class='ocrx_word' id='word_1_311' title='bbox 1687 1040 1746 1059; x_wconf 80' lang='lat' dir='ltr'><strong>non</strong></span> <span class='ocrx_word' id='word_1_312' title='bbox 1764 1034 1840 1066; x_wconf 71' lang='lat' dir='ltr'><strong>patiar</strong></span> 
     </span>
    </p>
   </div>
   <div class='ocr_carea' id='block_1_23' title="bbox 211 1077 1842 1114">
    <p class='ocr_par' dir='ltr' id='par_1_23' title="bbox 211 1077 1842 1114">
     <span class='ocr_line' id='line_1_23' title="bbox 211 1077 1842 1114; baseline 0 -8"><span class='ocrx_word' id='word_1_313' title='bbox 211 1078 382 1106; x_wconf 74' lang='lat' dir='ltr'><strong>demerenda:</strong></span> <span class='ocrx_word' id='word_1_314' title='bbox 396 1078 422 1104; x_wconf 94' lang='lat' dir='ltr'><strong>in</strong></span> <span class='ocrx_word' id='word_1_315' title='bbox 439 1077 584 1105; x_wconf 73' lang='lat' dir='ltr'><strong>acribendo</strong></span> <span class='ocrx_word' id='word_1_316' title='bbox 607 1077 731 1105; x_wconf 85' lang='lat' dir='ltr'><strong>veritatis</strong></span> <span class='ocrx_word' id='word_1_317' title='bbox 748 1086 755 1105; x_wconf 90' lang='lat'><strong>:</strong></span> <span class='ocrx_word' id='word_1_318' title='bbox 771 1084 826 1112; x_wconf 91' lang='lat' dir='ltr'><strong>qua</strong></span> <span class='ocrx_word' id='word_1_319' title='bbox 850 1077 877 1105; x_wconf 90' lang='lat' dir='ltr'><strong>in</strong></span> <span class='ocrx_word' id='word_1_320' title='bbox 896 1085 924 1105; x_wconf 90' lang='lat' dir='ltr'><strong>rc</strong></span> <span class='ocrx_word' id='word_1_321' title='bbox 942 1077 965 1104; x_wconf 86' lang='lat' dir='ltr'><strong>si</strong></span> <span class='ocrx_word' id='word_1_322' title='bbox 976 1077 1050 1112; x_wconf 88' lang='lat' dir='ltr'><strong>quod</strong></span> <span class='ocrx_word' id='word_1_323' title='bbox 1068 1077 1177 1104; x_wconf 89' lang='lat' dir='ltr'><strong>virtutis</strong></span> <span class='ocrx_word' id='word_1_324' title='bbox 1191 1077 1359 1113; x_wconf 60' lang='lat' dir='ltr'><strong>praeconium</strong></span> <span class='ocrx_word' id='word_1_325' title='bbox 1374 1083 1493 1113; x_wconf 67' lang='lat' dir='ltr'><strong>paternae</strong></span> <span class='ocrx_word' id='word_1_326' title='bbox 1508 1087 1600 1106; x_wconf 88' lang='lat' dir='ltr'><strong>rerum</strong></span> <span class='ocrx_word' id='word_1_327' title='bbox 1626 1085 1774 1114; x_wconf 76' lang='lat' dir='ltr'><strong>gestarum</strong></span> <span class='ocrx_word' id='word_1_328' title='bbox 1789 1089 1842 1106; x_wconf 73' lang='lat' dir='ltr'><strong>ru-</strong></span> 
     </span>
    </p>
   </div>
   <div class='ocr_carea' id='block_1_24' title="bbox 213 1124 1842 1165">
    <p class='ocr_par' dir='ltr' id='par_1_24' title="bbox 213 1124 1842 1165">
     <span class='ocr_line' id='line_1_24' title="bbox 213 1124 1842 1165; baseline 0 -12"><span class='ocrx_word' id='word_1_329' title='bbox 213 1131 283 1154; x_wconf 89' lang='lat' dir='ltr'><strong>etam</strong></span> <span class='ocrx_word' id='word_1_330' title='bbox 299 1125 425 1165; x_wconf 79' lang='lat' dir='ltr'><strong>referens</strong></span> <span class='ocrx_word' id='word_1_331' title='bbox 435 1125 595 1152; x_wconf 89' lang='lat' dir='ltr'><strong>memoriam</strong></span> <span class='ocrx_word' id='word_1_332' title='bbox 610 1132 670 1152; x_wconf 76' lang='lat' dir='ltr'><strong>mea</strong></span> <span class='ocrx_word' id='word_1_333' title='bbox 685 1125 843 1152; x_wconf 81' lang='lat' dir='ltr'><strong>necessario</strong></span> <span class='ocrx_word' id='word_1_334' title='bbox 859 1124 972 1152; x_wconf 83' lang='lat' dir='ltr'><strong>historia</strong></span> <span class='ocrx_word' id='word_1_335' title='bbox 991 1124 1083 1158; x_wconf 79' lang='lat' dir='ltr'><strong>iaciat,</strong></span> <span class='ocrx_word' id='word_1_336' title='bbox 1109 1124 1170 1160; x_wconf 66' lang='lat' dir='ltr'><strong>ejus</strong></span> <span class='ocrx_word' id='word_1_337' title='bbox 1185 1132 1235 1158; x_wconf 75' lang='lat' dir='ltr'><strong>ego</strong></span> <span class='ocrx_word' id='word_1_338' title='bbox 1250 1125 1365 1159; x_wconf 77' lang='lat' dir='ltr'><strong>gratiam</strong></span> <span class='ocrx_word' id='word_1_339' title='bbox 1378 1125 1504 1153; x_wconf 83' lang='lat' dir='ltr'><strong>charitati</strong></span> <span class='ocrx_word' id='word_1_340' title='bbox 1521 1126 1714 1160; x_wconf 85' lang='lat' dir='ltr'><strong>al-judicatam</strong></span> <span class='ocrx_word' id='word_1_341' title='bbox 1733 1128 1778 1153; x_wconf 91' lang='lat' dir='ltr'><strong>uni</strong></span> <span class='ocrx_word' id='word_1_342' title='bbox 1794 1136 1806 1153; x_wconf 73' lang='grc' dir='ltr'><strong>ι</strong></span> <span class='ocrx_word' id='word_1_343' title='bbox 1819 1136 1842 1153; x_wconf 83' lang='lat' dir='ltr'><strong>u-</strong></span> 
     </span>
    </p>
   </div>
   <div class='ocr_carea' id='block_1_25' title="bbox 211 1173 1842 1208">
    <p class='ocr_par' dir='ltr' id='par_1_25' title="bbox 211 1173 1842 1208">
     <span class='ocr_line' id='line_1_25' title="bbox 211 1173 1842 1208; baseline -0.001 -7"><span class='ocrx_word' id='word_1_344' title='bbox 211 1174 272 1201; x_wconf 88' lang='lat' dir='ltr'><strong>dico</strong></span> <span class='ocrx_word' id='word_1_345' title='bbox 287 1173 334 1200; x_wconf 92' lang='lat' dir='ltr'><strong>uni</strong></span> <span class='ocrx_word' id='word_1_346' title='bbox 350 1173 450 1201; x_wconf 87' lang='lat' dir='ltr'><strong>ascribi</strong></span> <span class='ocrx_word' id='word_1_347' title='bbox 467 1173 528 1201; x_wconf 88' lang='lat' dir='ltr'><strong>volo</strong></span> <span class='ocrx_word' id='word_1_348' title='bbox 546 1173 665 1200; x_wconf 87' lang='lat' dir='ltr'><strong>veritati.</strong></span> <span class='ocrx_word' id='word_1_349' title='bbox 680 1173 764 1208; x_wconf 82' lang='lat' dir='ltr'><strong>Cujus</strong></span> <span class='ocrx_word' id='word_1_350' title='bbox 780 1174 861 1200; x_wconf 89' lang='lat' dir='ltr'><strong>etiam</strong></span> <span class='ocrx_word' id='word_1_351' title='bbox 878 1173 964 1208; x_wconf 88' lang='lat' dir='ltr'><strong>ipsius</strong></span> <span class='ocrx_word' id='word_1_352' title='bbox 982 1181 1080 1201; x_wconf 86' lang='lat' dir='ltr'><strong>numen</strong></span> <span class='ocrx_word' id='word_1_353' title='bbox 1094 1173 1232 1200; x_wconf 84' lang='lat' dir='ltr'><strong>conscium</strong></span> <span class='ocrx_word' id='word_1_354' title='bbox 1244 1177 1272 1200; x_wconf 89' lang='lat' dir='ltr'><strong>et</strong></span> <span class='ocrx_word' id='word_1_355' title='bbox 1286 1173 1338 1200; x_wconf 87' lang='lat' dir='ltr'><strong>vim</strong></span> <span class='ocrx_word' id='word_1_356' title='bbox 1358 1174 1540 1208; x_wconf 84' lang='lat' dir='ltr'><strong>perspicacem</strong></span> <span class='ocrx_word' id='word_1_357' title='bbox 1555 1174 1628 1201; x_wconf 93' lang='lat' dir='ltr'><strong>nltro</strong></span> <span class='ocrx_word' id='word_1_358' title='bbox 1641 1175 1760 1205; x_wconf 70' lang='lat' dir='ltr'><strong>adxoeo.</strong></span> <span class='ocrx_word' id='word_1_359' title='bbox 1772 1176 1842 1201; x_wconf 61' lang='lat' dir='ltr'><strong>mibi-</strong></span> 
     </span>
    </p>
   </div>
   <div class='ocr_carea' id='block_1_26' title="bbox 213 1219 1841 1257">
    <p class='ocr_par' dir='ltr' id='par_1_26' title="bbox 213 1219 1841 1257">
     <span class='ocr_line' id='line_1_26' title="bbox 213 1219 1841 1257; baseline 0.001 -9"><span class='ocrx_word' id='word_1_360' title='bbox 213 1229 266 1257; x_wconf 89' lang='lat' dir='ltr'><strong>que</strong></span> <span class='ocrx_word' id='word_1_361' title='bbox 281 1220 426 1255; x_wconf 86' lang='lat' dir='ltr'><strong>propitiam</strong></span> <span class='ocrx_word' id='word_1_362' title='bbox 441 1219 499 1248; x_wconf 81' lang='lat' dir='ltr'><strong>fore</strong></span> <span class='ocrx_word' id='word_1_363' title='bbox 513 1227 594 1255; x_wconf 85' lang='lat' dir='ltr'><strong>spero</strong></span> <span class='ocrx_word' id='word_1_364' title='bbox 610 1221 741 1248; x_wconf 79' lang='lat' dir='ltr'><strong>adversus</strong></span> <span class='ocrx_word' id='word_1_365' title='bbox 765 1220 981 1248; x_wconf 78' lang='lat' dir='ltr'><strong>obtrectationes</strong></span> <span class='ocrx_word' id='word_1_366' title='bbox 994 1220 1123 1256; x_wconf 88' lang='lat' dir='ltr'><strong>querulas</strong></span> <span class='ocrx_word' id='word_1_367' title='bbox 1139 1219 1278 1247; x_wconf 76' lang='lat' dir='ltr'><strong>heminam</strong></span> <span class='ocrx_word' id='word_1_368' title='bbox 1297 1227 1379 1254; x_wconf 87' lang='lat' dir='ltr'><strong>prave</strong></span> <span class='ocrx_word' id='word_1_369' title='bbox 1392 1228 1424 1247; x_wconf 91' lang='lat' dir='ltr'><strong>ac</strong></span> <span class='ocrx_word' id='word_1_370' title='bbox 1440 1221 1556 1255; x_wconf 81' lang='lat' dir='ltr'><strong>maligne</strong></span> <span class='ocrx_word' id='word_1_371' title='bbox 1569 1221 1778 1255; x_wconf 80' lang='lat' dir='ltr'><strong>suspicacium;</strong></span> <span class='ocrx_word' id='word_1_372' title='bbox 1795 1231 1841 1254; x_wconf 73' lang='lat' dir='ltr'><strong>qui.</strong></span> 
     </span>
    </p>
   </div>
   <div class='ocr_carea' id='block_1_27' title="bbox 210 1265 1841 1302">
    <p class='ocr_par' dir='ltr' id='par_1_27' title="bbox 210 1265 1841 1302">
     <span class='ocr_line' id='line_1_27' title="bbox 210 1265 1841 1302; baseline -0.002 -6"><span class='ocrx_word' id='word_1_373' title='bbox 210 1269 235 1296; x_wconf 76' lang='lat' dir='ltr'><strong>si</strong></span> <span class='ocrx_word' id='word_1_374' title='bbox 250 1273 351 1295; x_wconf 64' lang='lat' dir='ltr'><strong>nostra:</strong></span> <span class='ocrx_word' id='word_1_375' title='bbox 369 1267 429 1294; x_wconf 75' lang='lat' dir='ltr'><strong>lidci</strong></span> <span class='ocrx_word' id='word_1_376' title='bbox 443 1266 658 1294; x_wconf 88' lang='lat' dir='ltr'><strong>controversiam</strong></span> <span class='ocrx_word' id='word_1_377' title='bbox 677 1267 838 1302; x_wconf 79' lang='lat' dir='ltr'><strong>exceptione</strong></span> <span class='ocrx_word' id='word_1_378' title='bbox 853 1267 962 1302; x_wconf 86' lang='lat' dir='ltr'><strong>pietatis</strong></span> <span class='ocrx_word' id='word_1_379' title='bbox 978 1266 1125 1300; x_wconf 86' lang='lat' dir='ltr'><strong>moverint,</strong></span> <span class='ocrx_word' id='word_1_380' title='bbox 1141 1265 1293 1293; x_wconf 82' lang='lat' dir='ltr'><strong>confectam</strong></span> <span class='ocrx_word' id='word_1_381' title='bbox 1307 1265 1358 1293; x_wconf 91' lang='lat' dir='ltr'><strong>sibi</strong></span> <span class='ocrx_word' id='word_1_382' title='bbox 1375 1273 1430 1293; x_wconf 88' lang='lat' dir='ltr'><strong>rem</strong></span> <span class='ocrx_word' id='word_1_383' title='bbox 1445 1271 1551 1300; x_wconf 87' lang='lat' dir='ltr'><strong>putant,</strong></span> <span class='ocrx_word' id='word_1_384' title='bbox 1566 1271 1595 1293; x_wconf 87' lang='lat' dir='ltr'><strong>et</strong></span> <span class='ocrx_word' id='word_1_385' title='bbox 1609 1266 1724 1294; x_wconf 85' lang='lat' dir='ltr'><strong>abunde</strong></span> <span class='ocrx_word' id='word_1_386' title='bbox 1739 1275 1841 1301; x_wconf 50' lang='lat' dir='ltr'><strong>persas.</strong></span> 
     </span>
    </p>
   </div>
   <div class='ocr_carea' id='block_1_28' title="bbox 211 1313 1840 1349">
    <p class='ocr_par' dir='ltr' id='par_1_28' title="bbox 211 1313 1840 1349">
     <span class='ocr_line' id='line_1_28' title="bbox 211 1313 1840 1349; baseline 0 -7"><span class='ocrx_word' id='word_1_387' title='bbox 211 1322 272 1342; x_wconf 86' lang='lat' dir='ltr'><strong>sum</strong></span> <span class='ocrx_word' id='word_1_388' title='bbox 290 1314 416 1341; x_wconf 89' lang='lat' dir='ltr'><strong>omnibus</strong></span> <span class='ocrx_word' id='word_1_389' title='bbox 431 1314 487 1341; x_wconf 76' lang='lat' dir='ltr'><strong>fieri</strong></span> <span class='ocrx_word' id='word_1_390' title='bbox 511 1322 562 1342; x_wconf 93' lang='lat' dir='ltr'><strong>non</strong></span> <span class='ocrx_word' id='word_1_391' title='bbox 580 1322 672 1349; x_wconf 88' lang='lat' dir='ltr'><strong>posse,</strong></span> <span class='ocrx_word' id='word_1_392' title='bbox 694 1314 760 1349; x_wconf 87' lang='lat' dir='ltr'><strong>quin</strong></span> <span class='ocrx_word' id='word_1_393' title='bbox 775 1322 835 1349; x_wconf 82' lang='lat' dir='ltr'><strong>quae</strong></span> <span class='ocrx_word' id='word_1_394' title='bbox 855 1315 888 1342; x_wconf 88' lang='lat' dir='ltr'><strong>de</strong></span> <span class='ocrx_word' id='word_1_395' title='bbox 903 1320 979 1349; x_wconf 86' lang='lat' dir='ltr'><strong>patre</strong></span> <span class='ocrx_word' id='word_1_396' title='bbox 995 1320 1087 1342; x_wconf 84' lang='lat' dir='ltr'><strong>narrat</strong></span> <span class='ocrx_word' id='word_1_397' title='bbox 1108 1314 1172 1346; x_wconf 84' lang='lat' dir='ltr'><strong>ﬁlia,</strong></span> <span class='ocrx_word' id='word_1_398' title='bbox 1184 1314 1206 1341; x_wconf 89' lang='lat' dir='ltr'><strong>si</strong></span> <span class='ocrx_word' id='word_1_399' title='bbox 1221 1321 1251 1341; x_wconf 85' lang='lat' dir='ltr'><strong>ea</strong></span> <span class='ocrx_word' id='word_1_400' title='bbox 1273 1313 1395 1349; x_wconf 84' lang='lat' dir='ltr'><strong>speciosa</strong></span> <span class='ocrx_word' id='word_1_401' title='bbox 1410 1318 1436 1341; x_wconf 92' lang='lat' dir='ltr'><strong>et</strong></span> <span class='ocrx_word' id='word_1_402' title='bbox 1453 1314 1684 1342; x_wconf 81' lang='lat' dir='ltr'><strong>commendabilia</strong></span> <span class='ocrx_word' id='word_1_403' title='bbox 1699 1316 1769 1347; x_wconf 81' lang='lat' dir='ltr'><strong>sint,</strong></span> <span class='ocrx_word' id='word_1_404' title='bbox 1786 1315 1840 1342; x_wconf 69' lang='lat' dir='ltr'><strong>falsa</strong></span> 
     </span>
    </p>
   </div>
   <div class='ocr_carea' id='block_1_29' title="bbox 213 1359 1205 1395">
    <p class='ocr_par' dir='ltr' id='par_1_29' title="bbox 213 1359 1205 1395">
     <span class='ocr_line' id='line_1_29' title="bbox 213 1359 1205 1395; baseline -0.003 -6"><span class='ocrx_word' id='word_1_405' title='bbox 213 1361 385 1395; x_wconf 80' lang='lat' dir='ltr'><strong>eouilctaqne</strong></span> <span class='ocrx_word' id='word_1_406' title='bbox 399 1359 504 1387; x_wconf 76' lang='lat' dir='ltr'><strong>fuerint</strong></span> <span class='ocrx_word' id='word_1_407' title='bbox 523 1361 555 1387; x_wconf 90' lang='lat' dir='ltr'><strong>ad</strong></span> <span class='ocrx_word' id='word_1_408' title='bbox 571 1361 769 1387; x_wconf 84' lang='lat' dir='ltr'><strong>obscurandam</strong></span> <span class='ocrx_word' id='word_1_409' title='bbox 782 1361 1036 1395; x_wconf 86' lang='lat' dir='ltr'><strong>obliterandamqne</strong></span> <span class='ocrx_word' id='word_1_410' title='bbox 1050 1361 1205 1388; x_wconf 79' lang='lat' dir='ltr'><strong>veritatem.</strong></span> 
     </span>
    </p>
   </div>
   <div class='ocr_carea' id='block_1_30' title="bbox 248 1408 1040 1443">
    <p class='ocr_par' dir='ltr' id='par_1_30' title="bbox 248 1408 1040 1443">
     <span class='ocr_line' id='line_1_30' title="bbox 248 1408 1040 1443; baseline -0.005 -6"><span class='ocrx_word' id='word_1_411' title='bbox 248 1410 300 1438; x_wconf 88' lang='lat' dir='ltr'><strong>Sed</strong></span> <span class='ocrx_word' id='word_1_412' title='bbox 318 1409 351 1436; x_wconf 90' lang='lat' dir='ltr'><strong>ad</strong></span> <span class='ocrx_word' id='word_1_413' title='bbox 367 1409 520 1436; x_wconf 80' lang='lat' dir='ltr'><strong>institutam</strong></span> <span class='ocrx_word' id='word_1_414' title='bbox 538 1409 722 1435; x_wconf 81' lang='lat' dir='ltr'><strong>narrationem</strong></span> <span class='ocrx_word' id='word_1_415' title='bbox 747 1408 892 1443; x_wconf 79' lang='lat' dir='ltr'><strong>aliquando</strong></span> <span class='ocrx_word' id='word_1_416' title='bbox 906 1416 999 1436; x_wconf 90' lang='lat' dir='ltr'><strong>recur-</strong></span> <span class='ocrx_word' id='word_1_417' title='bbox 1013 1408 1040 1439; x_wconf 78' lang='grc' dir='ltr'>Α</span> 
     </span>
    </p>
   </div>
   <div class='ocr_carea' id='block_1_31' title="bbox 212 1454 998 1488">
    <p class='ocr_par' dir='ltr' id='par_1_31' title="bbox 212 1454 998 1488">
     <span class='ocr_line' id='line_1_31' title="bbox 212 1454 998 1488; baseline -0.005 -4"><span class='ocrx_word' id='word_1_418' title='bbox 212 1461 256 1484; x_wconf 90' lang='lat' dir='ltr'><strong>rat</strong></span> <span class='ocrx_word' id='word_1_419' title='bbox 270 1455 358 1482; x_wconf 87' lang='lat' dir='ltr'><strong>oratio</strong></span> <span class='ocrx_word' id='word_1_420' title='bbox 369 1462 482 1482; x_wconf 83' lang='lat' dir='ltr'><strong>necesse</strong></span> <span class='ocrx_word' id='word_1_421' title='bbox 493 1459 544 1482; x_wconf 86' lang='lat' dir='ltr'><strong>est.</strong></span> <span class='ocrx_word' id='word_1_422' title='bbox 560 1454 685 1488; x_wconf 85' lang='lat' dir='ltr'><strong>Quandiu</strong></span> <span class='ocrx_word' id='word_1_423' title='bbox 700 1455 782 1482; x_wconf 86' lang='lat' dir='ltr'><strong>iixum</strong></span> <span class='ocrx_word' id='word_1_424' title='bbox 795 1455 911 1487; x_wconf 92' lang='lat' dir='ltr'><strong>illic,nbi</strong></span> <span class='ocrx_word' id='word_1_425' title='bbox 923 1462 998 1481; x_wconf 83' lang='lat' dir='ltr'><strong>reum</strong></span> 
     </span>
    </p>
   </div>
   <div class='ocr_carea' id='block_1_32' title="bbox 215 1499 1000 1535">
    <p class='ocr_par' dir='ltr' id='par_1_32' title="bbox 215 1499 1000 1535">
     <span class='ocr_line' id='line_1_32' title="bbox 215 1499 1000 1535; baseline -0.005 -7"><span class='ocrx_word' id='word_1_426' title='bbox 215 1500 387 1535; x_wconf 86' lang='lat' dir='ltr'><strong>reliquimus,</strong></span> <span class='ocrx_word' id='word_1_427' title='bbox 403 1499 608 1526; x_wconf 80' lang='lat' dir='ltr'><strong>tabernaculum</strong></span> <span class='ocrx_word' id='word_1_428' title='bbox 628 1499 778 1532; x_wconf 87' lang='lat' dir='ltr'><strong>imperator</strong></span> <span class='ocrx_word' id='word_1_429' title='bbox 793 1499 897 1530; x_wconf 86' lang='lat' dir='ltr'><strong>habuit,</strong></span> <span class='ocrx_word' id='word_1_430' title='bbox 915 1503 1000 1525; x_wconf 91' lang='lat' dir='ltr'><strong>totum</strong></span> 
     </span>
    </p>
   </div>
   <div class='ocr_carea' id='block_1_33' title="bbox 212 1543 1000 1579">
    <p class='ocr_par' dir='ltr' id='par_1_33' title="bbox 212 1543 1000 1579">
     <span class='ocr_line' id='line_1_33' title="bbox 212 1543 1000 1579; baseline -0.004 -6"><span class='ocrx_word' id='word_1_431' title='bbox 212 1547 299 1574; x_wconf 91' lang='lat' dir='ltr'><strong>otium</strong></span> <span class='ocrx_word' id='word_1_432' title='bbox 314 1545 491 1579; x_wconf 89' lang='lat' dir='ltr'><strong>studiumque</strong></span> <span class='ocrx_word' id='word_1_433' title='bbox 506 1545 551 1571; x_wconf 91' lang='lat' dir='ltr'><strong>uni</strong></span> <span class='ocrx_word' id='word_1_434' title='bbox 573 1543 631 1571; x_wconf 82' lang='lat' dir='ltr'><strong>fere</strong></span> <span class='ocrx_word' id='word_1_435' title='bbox 648 1543 778 1578; x_wconf 88' lang='lat' dir='ltr'><strong>impendit</strong></span> <span class='ocrx_word' id='word_1_436' title='bbox 800 1543 850 1574; x_wconf 85' lang='lat' dir='ltr'><strong>rei,</strong></span> <span class='ocrx_word' id='word_1_437' title='bbox 866 1543 1000 1570; x_wconf 76' lang='lat' dir='ltr'><strong>exercitui</strong></span> 
     </span>
    </p>
   </div>
   <div class='ocr_carea' id='block_1_34' title="bbox 214 1586 1000 1626">
    <p class='ocr_par' dir='ltr' id='par_1_34' title="bbox 214 1586 1000 1626">
     <span class='ocr_line' id='line_1_34' title="bbox 214 1586 1000 1626; baseline -0.006 -8"><span class='ocrx_word' id='word_1_438' title='bbox 214 1589 366 1626; x_wconf 81' lang='lat' dir='ltr'><strong>supplendo</strong></span> <span class='ocrx_word' id='word_1_439' title='bbox 385 1589 563 1624; x_wconf 78' lang='lat' dir='ltr'><strong>augendaque</strong></span> <span class='ocrx_word' id='word_1_440' title='bbox 590 1587 667 1615; x_wconf 84' lang='lat' dir='ltr'><strong>novis</strong></span> <span class='ocrx_word' id='word_1_441' title='bbox 684 1587 794 1615; x_wconf 86' lang='lat' dir='ltr'><strong>assidue</strong></span> <span class='ocrx_word' id='word_1_442' title='bbox 821 1586 972 1614; x_wconf 84' lang='lat' dir='ltr'><strong>delectibus</strong></span> <span class='ocrx_word' id='word_1_443' title='bbox 993 1595 1000 1613; x_wconf 88' lang='lat'><strong>:</strong></span> 
     </span>
    </p>
   </div>
   <div class='ocr_carea' id='block_1_35' title="bbox 213 1634 1002 1672">
    <p class='ocr_par' dir='ltr' id='par_1_35' title="bbox 213 1634 1002 1672">
     <span class='ocr_line' id='line_1_35' title="bbox 213 1634 1002 1672; baseline -0.008 -8"><span class='ocrx_word' id='word_1_444' title='bbox 213 1643 270 1664; x_wconf 85' lang='lat' dir='ltr'><strong>tum</strong></span> <span class='ocrx_word' id='word_1_445' title='bbox 283 1636 422 1672; x_wconf 72' lang='lat' dir='ltr'><strong>prmcipne</strong></span> <span class='ocrx_word' id='word_1_446' title='bbox 439 1635 580 1670; x_wconf 77' lang='lat' dir='ltr'><strong>tyronibus</strong></span> <span class='ocrx_word' id='word_1_447' title='bbox 594 1635 654 1662; x_wconf 90' lang='lat' dir='ltr'><strong>istis</strong></span> <span class='ocrx_word' id='word_1_448' title='bbox 669 1634 736 1669; x_wconf 87' lang='lat' dir='ltr'><strong>ipsis</strong></span> <span class='ocrx_word' id='word_1_449' title='bbox 759 1634 921 1661; x_wconf 86' lang='lat' dir='ltr'><strong>exercendis</strong></span> <span class='ocrx_word' id='word_1_450' title='bbox 937 1641 1002 1660; x_wconf 87' lang='lat' dir='ltr'><strong>ern-</strong></span> 
     </span>
    </p>
   </div>
   <div class='ocr_carea' id='block_1_36' title="bbox 214 1680 1001 1717">
    <p class='ocr_par' dir='ltr' id='par_1_36' title="bbox 214 1680 1001 1717">
     <span class='ocr_line' id='line_1_36' title="bbox 214 1680 1001 1717; baseline -0.003 -7"><span class='ocrx_word' id='word_1_451' title='bbox 214 1683 372 1717; x_wconf 77' lang='lat' dir='ltr'><strong>diendisque</strong></span> <span class='ocrx_word' id='word_1_452' title='bbox 395 1689 444 1717; x_wconf 92' lang='lat' dir='ltr'><strong>per</strong></span> <span class='ocrx_word' id='word_1_453' title='bbox 464 1689 493 1708; x_wconf 88' lang='lat' dir='ltr'><strong>se</strong></span> <span class='ocrx_word' id='word_1_454' title='bbox 520 1689 611 1708; x_wconf 89' lang='lat' dir='ltr'><strong>coram</strong></span> <span class='ocrx_word' id='word_1_455' title='bbox 629 1681 661 1708; x_wconf 87' lang='lat' dir='ltr'><strong>ad</strong></span> <span class='ocrx_word' id='word_1_456' title='bbox 681 1688 777 1708; x_wconf 90' lang='lat' dir='ltr'><strong>omnes</strong></span> <span class='ocrx_word' id='word_1_457' title='bbox 803 1681 842 1708; x_wconf 92' lang='lat' dir='ltr'><strong>rci</strong></span> <span class='ocrx_word' id='word_1_458' title='bbox 872 1680 1001 1708; x_wconf 76' lang='lat' dir='ltr'><strong>militaris</strong></span> 
     </span>
    </p>
   </div>
   <div class='ocr_carea' id='block_1_37' title="bbox 213 1727 1002 1762">
    <p class='ocr_par' dir='ltr' id='par_1_37' title="bbox 213 1727 1002 1762">
     <span class='ocr_line' id='line_1_37' title="bbox 213 1727 1002 1762; baseline -0.008 -4"><span class='ocrx_word' id='word_1_459' title='bbox 213 1737 289 1762; x_wconf 88' lang='lat' dir='ltr'><strong>usus,</strong></span> <span class='ocrx_word' id='word_1_460' title='bbox 306 1734 333 1755; x_wconf 90' lang='lat' dir='ltr'><strong>ut</strong></span> <span class='ocrx_word' id='word_1_461' title='bbox 361 1728 471 1755; x_wconf 87' lang='lat' dir='ltr'><strong>tendere</strong></span> <span class='ocrx_word' id='word_1_462' title='bbox 501 1735 607 1759; x_wconf 84' lang='lat' dir='ltr'><strong>arcum,</strong></span> <span class='ocrx_word' id='word_1_463' title='bbox 633 1732 660 1754; x_wconf 93' lang='lat' dir='ltr'><strong>nt</strong></span> <span class='ocrx_word' id='word_1_464' title='bbox 696 1727 800 1754; x_wconf 85' lang='lat' dir='ltr'><strong>hastam</strong></span> <span class='ocrx_word' id='word_1_465' title='bbox 832 1731 956 1761; x_wconf 85' lang='lat' dir='ltr'><strong>quatere,</strong></span> <span class='ocrx_word' id='word_1_466' title='bbox 972 1730 1002 1753; x_wconf 91' lang='lat' dir='ltr'><strong>ut</strong></span> 
     </span>
    </p>
   </div>
   <div class='ocr_carea' id='block_1_38' title="bbox 213 1772 1003 1809">
    <p class='ocr_par' dir='ltr' id='par_1_38' title="bbox 213 1772 1003 1809">
     <span class='ocr_line' id='line_1_38' title="bbox 213 1772 1003 1809; baseline -0.004 -8"><span class='ocrx_word' id='word_1_467' title='bbox 213 1781 311 1809; x_wconf 88' lang='lat' dir='ltr'><strong>equum</strong></span> <span class='ocrx_word' id='word_1_468' title='bbox 342 1773 410 1801; x_wconf 81' lang='lat' dir='ltr'><strong>scite</strong></span> <span class='ocrx_word' id='word_1_469' title='bbox 437 1772 599 1800; x_wconf 86' lang='lat' dir='ltr'><strong>inscendere</strong></span> <span class='ocrx_word' id='word_1_470' title='bbox 625 1779 771 1808; x_wconf 77' lang='lat' dir='ltr'><strong>rcgereque</strong></span> <span class='ocrx_word' id='word_1_471' title='bbox 797 1776 951 1806; x_wconf 85' lang='lat' dir='ltr'><strong>oporteret,</strong></span> <span class='ocrx_word' id='word_1_472' title='bbox 973 1775 1003 1798; x_wconf 92' lang='lat' dir='ltr'><strong>ut</strong></span> 
     </span>
    </p>
   </div>
   <div class='ocr_carea' id='block_1_39' title="bbox 215 1817 1002 1854">
    <p class='ocr_par' dir='ltr' id='par_1_39' title="bbox 215 1817 1002 1854">
     <span class='ocr_line' id='line_1_39' title="bbox 215 1817 1002 1854; baseline -0.005 -7"><span class='ocrx_word' id='word_1_473' title='bbox 215 1819 399 1854; x_wconf 87' lang='lat' dir='ltr'><strong>manipulatim</strong></span> <span class='ocrx_word' id='word_1_474' title='bbox 415 1818 489 1845; x_wconf 87' lang='lat' dir='ltr'><strong>coire</strong></span> <span class='ocrx_word' id='word_1_475' title='bbox 505 1818 532 1845; x_wconf 90' lang='lat' dir='ltr'><strong>in</strong></span> <span class='ocrx_word' id='word_1_476' title='bbox 548 1818 699 1853; x_wconf 78' lang='lat' dir='ltr'><strong>singulares</strong></span> <span class='ocrx_word' id='word_1_477' title='bbox 711 1817 806 1851; x_wconf 79' lang='lat' dir='ltr'><strong>globos</strong></span> <span class='ocrx_word' id='word_1_478' title='bbox 829 1817 926 1851; x_wconf 91' lang='lat' dir='ltr'><strong>quibus</strong></span> <span class='ocrx_word' id='word_1_479' title='bbox 949 1823 1002 1843; x_wconf 90' lang='lat' dir='ltr'><strong>una</strong></span> 
     </span>
    </p>
   </div>
   <div class='ocr_carea' id='block_1_40' title="bbox 213 1863 1002 1901">
    <p class='ocr_par' dir='ltr' id='par_1_40' title="bbox 213 1863 1002 1901">
     <span class='ocr_line' id='line_1_40' title="bbox 213 1863 1002 1901; baseline -0.004 -9"><span class='ocrx_word' id='word_1_480' title='bbox 213 1865 422 1901; x_wconf 78' lang='lat' dir='ltr'><strong>signiﬁcatione,</strong></span> <span class='ocrx_word' id='word_1_481' title='bbox 458 1864 479 1891; x_wconf 92' lang='lat' dir='ltr'><strong>si</strong></span> <span class='ocrx_word' id='word_1_482' title='bbox 496 1869 568 1891; x_wconf 82' lang='lat' dir='ltr'><strong>esset</strong></span> <span class='ocrx_word' id='word_1_483' title='bbox 593 1871 672 1897; x_wconf 86' lang='lat' dir='ltr'><strong>opus,</strong></span> <span class='ocrx_word' id='word_1_484' title='bbox 686 1863 787 1896; x_wconf 87' lang='lat' dir='ltr'><strong>junctis</strong></span> <span class='ocrx_word' id='word_1_485' title='bbox 805 1868 944 1890; x_wconf 82' lang='lat' dir='ltr'><strong>metuente</strong></span> <span class='ocrx_word' id='word_1_486' title='bbox 961 1871 1002 1889; x_wconf 85' lang='lat' dir='ltr'><strong>ex-</strong></span> 
     </span>
    </p>
   </div>
   <div class='ocr_carea' id='block_1_41' title="bbox 214 1908 1002 1943">
    <p class='ocr_par' dir='ltr' id='par_1_41' title="bbox 214 1908 1002 1943">
     <span class='ocr_line' id='line_1_41' title="bbox 214 1908 1002 1943; baseline -0.005 -5"><span class='ocrx_word' id='word_1_487' title='bbox 214 1911 322 1938; x_wconf 84' lang='lat' dir='ltr'><strong>sisteret</strong></span> <span class='ocrx_word' id='word_1_488' title='bbox 351 1909 394 1936; x_wconf 89' lang='lat' dir='ltr'><strong>illa</strong></span> <span class='ocrx_word' id='word_1_489' title='bbox 414 1910 499 1936; x_wconf 76' lang='lat' dir='ltr'><strong>forma</strong></span> <span class='ocrx_word' id='word_1_490' title='bbox 517 1909 697 1935; x_wconf 78' lang='lat' dir='ltr'><strong>formidabilis</strong></span> <span class='ocrx_word' id='word_1_491' title='bbox 712 1909 871 1943; x_wconf 66' lang='lat' dir='ltr'><strong>excogitato</strong></span> <span class='ocrx_word' id='word_1_492' title='bbox 894 1908 928 1935; x_wconf 87' lang='lat' dir='ltr'><strong>ab</strong></span> <span class='ocrx_word' id='word_1_493' title='bbox 942 1908 1002 1943; x_wconf 90' lang='lat' dir='ltr'><strong>ipso</strong></span> 
     </span>
    </p>
   </div>
   <div class='ocr_carea' id='block_1_42' title="bbox 214 1954 1002 1991">
    <p class='ocr_par' dir='ltr' id='par_1_42' title="bbox 214 1954 1002 1991">
     <span class='ocr_line' id='line_1_42' title="bbox 214 1954 1002 1991; baseline -0.001 -9"><span class='ocrx_word' id='word_1_494' title='bbox 214 1956 332 1991; x_wconf 91' lang='lat' dir='ltr'><strong>primum</strong></span> <span class='ocrx_word' id='word_1_495' title='bbox 362 1955 548 1989; x_wconf 65' lang='lat' dir='ltr'><strong>institulmque</strong></span> <span class='ocrx_word' id='word_1_496' title='bbox 565 1954 644 1981; x_wconf 84' lang='lat' dir='ltr'><strong>aciei.</strong></span> <span class='ocrx_word' id='word_1_497' title='bbox 664 1955 704 1980; x_wconf 77' lang='lat' dir='ltr'><strong>Ad</strong></span> <span class='ocrx_word' id='word_1_498' title='bbox 719 1955 788 1980; x_wconf 87' lang='lat' dir='ltr'><strong>hanc</strong></span> <span class='ocrx_word' id='word_1_499' title='bbox 808 1954 927 1988; x_wconf 75' lang='lat' dir='ltr'><strong>ﬁngebat</strong></span> <span class='ocrx_word' id='word_1_500' title='bbox 945 1955 1002 1988; x_wconf 85' lang='lat' dir='ltr'><strong>ipse</strong></span> 
     </span>
    </p>
   </div>
   <div class='ocr_carea' id='block_1_43' title="bbox 213 2000 1001 2036">
    <p class='ocr_par' dir='ltr' id='par_1_43' title="bbox 213 2000 1001 2036">
     <span class='ocr_line' id='line_1_43' title="bbox 213 2000 1001 2036; baseline -0.001 -8"><span class='ocrx_word' id='word_1_501' title='bbox 213 2003 325 2036; x_wconf 80' lang='lat' dir='ltr'><strong>juvenes</strong></span> <span class='ocrx_word' id='word_1_502' title='bbox 339 2002 483 2028; x_wconf 84' lang='lat' dir='ltr'><strong>sedulitate</strong></span> <span class='ocrx_word' id='word_1_503' title='bbox 498 2000 712 2027; x_wconf 65' lang='lat' dir='ltr'><strong>laborioaissima</strong></span> <span class='ocrx_word' id='word_1_504' title='bbox 725 2000 852 2035; x_wconf 80' lang='lat' dir='ltr'><strong>cqnitans</strong></span> <span class='ocrx_word' id='word_1_505' title='bbox 864 2000 1001 2028; x_wconf 86' lang='lat' dir='ltr'><strong>interdum</strong></span> 
     </span>
    </p>
   </div>
   <div class='ocr_carea' id='block_1_44' title="bbox 216 2047 1001 2082">
    <p class='ocr_par' dir='ltr' id='par_1_44' title="bbox 216 2047 1001 2082">
     <span class='ocr_line' id='line_1_44' title="bbox 216 2047 1001 2082; baseline -0.003 -8"><span class='ocrx_word' id='word_1_506' title='bbox 216 2057 267 2075; x_wconf 92' lang='lat' dir='ltr'><strong>nua</strong></span> <span class='ocrx_word' id='word_1_507' title='bbox 284 2055 344 2075; x_wconf 92' lang='lat' dir='ltr'><strong>cum</strong></span> <span class='ocrx_word' id='word_1_508' title='bbox 359 2047 434 2082; x_wconf 89' lang='lat' dir='ltr'><strong>ipsis,</strong></span> <span class='ocrx_word' id='word_1_509' title='bbox 447 2052 474 2074; x_wconf 88' lang='lat' dir='ltr'><strong>et</strong></span> <span class='ocrx_word' id='word_1_510' title='bbox 487 2047 618 2074; x_wconf 84' lang='lat' dir='ltr'><strong>docendis</strong></span> <span class='ocrx_word' id='word_1_511' title='bbox 629 2047 860 2080; x_wconf 85' lang='lat' dir='ltr'><strong>admonendisque</strong></span> <span class='ocrx_word' id='word_1_512' title='bbox 877 2047 1001 2078; x_wconf 90' lang='lat' dir='ltr'><strong>rudibus,</strong></span> 
     </span>
    </p>
   </div>
   <div class='ocr_carea' id='block_1_45' title="bbox 1095 1407 1839 1446">
    <p class='ocr_par' dir='ltr' id='par_1_45' title="bbox 1095 1407 1839 1446">
     <span class='ocr_line' id='line_1_45' title="bbox 1095 1407 1839 1446; baseline 0.004 -12"><span class='ocrx_word' id='word_1_513' title='bbox 1095 1408 1125 1434; x_wconf 89' lang='grc' dir='ltr'><strong>Ὀ</strong></span> <span class='ocrx_word' id='word_1_514' title='bbox 1144 1409 1193 1443; x_wconf 81' lang='grc' dir='ltr'><strong>μέν</strong></span> <span class='ocrx_word' id='word_1_515' title='bbox 1208 1417 1248 1434; x_wconf 76' lang='grc' dir='ltr'><strong>τοι</strong></span> <span class='ocrx_word' id='word_1_516' title='bbox 1265 1408 1343 1442; x_wconf 67' lang='grc' dir='ltr'>λόγος</span> <span class='ocrx_word' id='word_1_517' title='bbox 1360 1408 1532 1443; x_wconf 79' lang='grc' dir='ltr'><strong>ἀνατρεχέτω</strong></span> <span class='ocrx_word' id='word_1_518' title='bbox 1549 1407 1630 1440; x_wconf 70' lang='grc' dir='ltr'>αὖθις</span> <span class='ocrx_word' id='word_1_519' title='bbox 1648 1410 1721 1444; x_wconf 64' lang='lat' dir='ltr'><strong>:p‘n;</strong></span> <span class='ocrx_word' id='word_1_520' title='bbox 1738 1411 1768 1437; x_wconf 65' lang='grc' dir='ltr'><strong>τὸ</strong></span> <span class='ocrx_word' id='word_1_521' title='bbox 1785 1420 1839 1446; x_wconf 53' lang='grc' dir='ltr'><strong>πρη-</strong></span> 
     </span>
    </p>
   </div>
   <div class='ocr_carea' id='block_1_46' title="bbox 1053 1454 1838 1493">
    <p class='ocr_par' dir='ltr' id='par_1_46' title="bbox 1053 1454 1838 1493">
     <span class='ocr_line' id='line_1_46' title="bbox 1053 1454 1838 1493; baseline 0.006 -13"><span class='ocrx_word' id='word_1_522' title='bbox 1053 1454 1187 1489; x_wconf 77' lang='grc' dir='ltr'>κείμενον.</span> <span class='ocrx_word' id='word_1_523' title='bbox 1197 1455 1277 1481; x_wconf 70' lang='grc' dir='ltr'>Ἄλλο</span> <span class='ocrx_word' id='word_1_524' title='bbox 1289 1456 1312 1482; x_wconf 84' lang='grc' dir='ltr'><strong>δ’</strong></span> <span class='ocrx_word' id='word_1_525' title='bbox 1320 1456 1396 1482; x_wconf 72' lang='grc' dir='ltr'><strong>οῦξὲν</strong></span> <span class='ocrx_word' id='word_1_526' title='bbox 1407 1457 1419 1482; x_wconf 71' lang='grc' dir='ltr'><em>ὁ</em></span> <span class='ocrx_word' id='word_1_527' title='bbox 1432 1456 1611 1492; x_wconf 70' lang='grc' dir='ltr'><strong>αὐτοκράτωρ</strong></span> <span class='ocrx_word' id='word_1_528' title='bbox 1623 1457 1710 1493; x_wconf 72' lang='grc' dir='ltr'>ἔργον</span> <span class='ocrx_word' id='word_1_529' title='bbox 1726 1457 1797 1493; x_wconf 67' lang='grc' dir='ltr'>εἶχεν</span> <span class='ocrx_word' id='word_1_530' title='bbox 1807 1462 1838 1491; x_wconf 60' lang='grc' dir='ltr'>εξ</span> 
     </span>
    </p>
   </div>
   <div class='ocr_carea' id='block_1_47' title="bbox 1052 1501 1840 1539">
    <p class='ocr_par' dir='ltr' id='par_1_47' title="bbox 1052 1501 1840 1539">
     <span class='ocr_line' id='line_1_47' title="bbox 1052 1501 1840 1539; baseline 0.004 -11"><span class='ocrx_word' id='word_1_531' title='bbox 1052 1502 1113 1528; x_wconf 76' lang='grc' dir='ltr'>ὅσον</span> <span class='ocrx_word' id='word_1_532' title='bbox 1125 1501 1184 1527; x_wconf 80' lang='grc' dir='ltr'>ἐκεῖ</span> <span class='ocrx_word' id='word_1_533' title='bbox 1195 1511 1245 1528; x_wconf 76' lang='grc' dir='ltr'><strong>που</strong></span> <span class='ocrx_word' id='word_1_534' title='bbox 1256 1502 1306 1536; x_wconf 81' lang='grc' dir='ltr'><strong>τὴν</strong></span> <span class='ocrx_word' id='word_1_535' title='bbox 1317 1502 1432 1529; x_wconf 72' lang='grc' dir='ltr'><strong>αὖλαίςιν</strong></span> <span class='ocrx_word' id='word_1_536' title='bbox 1443 1503 1580 1537; x_wconf 76' lang='grc' dir='ltr'><strong>ἐπήγνυτο</strong></span> <span class='ocrx_word' id='word_1_537' title='bbox 1589 1524 1596 1535; x_wconf 83' lang='lat'><strong>,</strong></span> <span class='ocrx_word' id='word_1_538' title='bbox 1608 1503 1625 1538; x_wconf 69' lang='grc' dir='ltr'><strong>ἢ</strong></span> <span class='ocrx_word' id='word_1_539' title='bbox 1638 1504 1801 1536; x_wconf 76' lang='grc' dir='ltr'>νεολέκτοο;</span> <span class='ocrx_word' id='word_1_540' title='bbox 1811 1507 1840 1539; x_wconf 59' lang='grc' dir='ltr'><strong>τῷ</strong></span> 
     </span>
    </p>
   </div>
   <div class='ocr_carea' id='block_1_48' title="bbox 1054 1547 1840 1584">
    <p class='ocr_par' dir='ltr' id='par_1_48' title="bbox 1054 1547 1840 1584">
     <span class='ocr_line' id='line_1_48' title="bbox 1054 1547 1840 1584; baseline 0.006 -12"><span class='ocrx_word' id='word_1_541' title='bbox 1054 1547 1135 1573; x_wconf 72' lang='grc' dir='ltr'>παντὶ</span> <span class='ocrx_word' id='word_1_542' title='bbox 1153 1547 1368 1580; x_wconf 65' lang='grc' dir='ltr'><strong>συγκιταλέγειν</strong></span> <span class='ocrx_word' id='word_1_543' title='bbox 1385 1547 1582 1583; x_wconf 78' lang='grc' dir='ltr'><strong>στρατεύματι,</strong></span> <span class='ocrx_word' id='word_1_544' title='bbox 1600 1550 1749 1584; x_wconf 73' lang='grc' dir='ltr'><strong>ἐπιμελῶς</strong></span> <span class='ocrx_word' id='word_1_545' title='bbox 1763 1560 1791 1577; x_wconf 88' lang='grc' dir='ltr'><strong>τε</strong></span> <span class='ocrx_word' id='word_1_546' title='bbox 1807 1554 1840 1577; x_wconf 69' lang='grc' dir='ltr'><strong>ει-</strong></span> 
     </span>
    </p>
   </div>
   <div class='ocr_carea' id='block_1_49' title="bbox 1054 1591 1839 1628">
    <p class='ocr_par' dir='ltr' id='par_1_49' title="bbox 1054 1591 1839 1628">
     <span class='ocr_line' id='line_1_49' title="bbox 1054 1591 1839 1628; baseline 0.008 -12"><span class='ocrx_word' id='word_1_547' title='bbox 1054 1591 1193 1617; x_wconf 80' lang='grc' dir='ltr'>παιδεύειν</span> <span class='ocrx_word' id='word_1_548' title='bbox 1202 1593 1278 1623; x_wconf 81' lang='grc' dir='ltr'><strong>ὅπως</strong></span> <span class='ocrx_word' id='word_1_549' title='bbox 1286 1592 1339 1628; x_wconf 83' lang='grc' dir='ltr'><strong>χρὴ</strong></span> <span class='ocrx_word' id='word_1_550' title='bbox 1348 1592 1424 1624; x_wconf 78' lang='grc' dir='ltr'>τόξον</span> <span class='ocrx_word' id='word_1_551' title='bbox 1434 1593 1532 1619; x_wconf 58' lang='lat' dir='ltr'><strong>ratust-1</strong></span> <span class='ocrx_word' id='word_1_552' title='bbox 1541 1594 1587 1619; x_wconf 77' lang='grc' dir='ltr'>καὶ</span> <span class='ocrx_word' id='word_1_553' title='bbox 1595 1594 1663 1628; x_wconf 70' lang='grc' dir='ltr'><strong>δόρυ</strong></span> <span class='ocrx_word' id='word_1_554' title='bbox 1674 1595 1839 1628; x_wconf 60' lang='grc' dir='ltr'><strong>κραδαίνει-ι.</strong></span> 
     </span>
    </p>
   </div>
   <div class='ocr_carea' id='block_1_50' title="bbox 1054 1637 1839 1674">
    <p class='ocr_par' dir='ltr' id='par_1_50' title="bbox 1054 1637 1839 1674">
     <span class='ocr_line' id='line_1_50' title="bbox 1054 1637 1839 1674; baseline 0.005 -11"><span class='ocrx_word' id='word_1_555' title='bbox 1054 1637 1136 1663; x_wconf 73' lang='grc' dir='ltr'>ἵππον</span> <span class='ocrx_word' id='word_1_556' title='bbox 1150 1647 1179 1663; x_wconf 83' lang='grc' dir='ltr'><strong>τε</strong></span> <span class='ocrx_word' id='word_1_557' title='bbox 1195 1637 1335 1670; x_wconf 61' lang='grc' dir='ltr'><strong>ἐλαύνειν,</strong></span> <span class='ocrx_word' id='word_1_558' title='bbox 1352 1639 1399 1665; x_wconf 75' lang='grc' dir='ltr'>καὶ</span> <span class='ocrx_word' id='word_1_559' title='bbox 1415 1639 1533 1674; x_wconf 76' lang='grc' dir='ltr'>μερικὰς</span> <span class='ocrx_word' id='word_1_560' title='bbox 1549 1640 1690 1666; x_wconf 57' lang='grc' dir='ltr'><strong>ποιεῖσθαι</strong></span> <span class='ocrx_word' id='word_1_561' title='bbox 1709 1642 1839 1674; x_wconf 55' lang='lat' dir='ltr'><strong>omniin;</strong></span> 
     </span>
    </p>
   </div>
   <div class='ocr_carea' id='block_1_51' title="bbox 1053 1683 1840 1722">
    <p class='ocr_par' dir='ltr' id='par_1_51' title="bbox 1053 1683 1840 1722">
     <span class='ocr_line' id='line_1_51' title="bbox 1053 1683 1840 1722; baseline 0.006 -13"><span class='ocrx_word' id='word_1_562' title='bbox 1053 1683 1083 1709; x_wconf 78' lang='grc' dir='ltr'><strong>τὸ</strong></span> <span class='ocrx_word' id='word_1_563' title='bbox 1099 1684 1191 1710; x_wconf 62' lang='grc' dir='ltr'>καινὸν</span> <span class='ocrx_word' id='word_1_564' title='bbox 1204 1684 1291 1710; x_wconf 79' lang='grc' dir='ltr'>ἐκεῖνο</span> <span class='ocrx_word' id='word_1_565' title='bbox 1305 1685 1399 1720; x_wconf 76' lang='grc' dir='ltr'>σχῆμα</span> <span class='ocrx_word' id='word_1_566' title='bbox 1412 1686 1461 1720; x_wconf 76' lang='grc' dir='ltr'><strong>τῆς</strong></span> <span class='ocrx_word' id='word_1_567' title='bbox 1478 1686 1672 1720; x_wconf 71' lang='grc' dir='ltr'><strong>παρατάξεως.</strong></span> <span class='ocrx_word' id='word_1_568' title='bbox 1686 1687 1760 1722; x_wconf 74' lang='grc' dir='ltr'>ὅπερ</span> <span class='ocrx_word' id='word_1_569' title='bbox 1771 1688 1840 1717; x_wconf 64' lang='grc' dir='ltr'><strong>εὖτ-ις</strong></span> 
     </span>
    </p>
   </div>
   <div class='ocr_carea' id='block_1_52' title="bbox 1055 1728 1840 1767">
    <p class='ocr_par' dir='ltr' id='par_1_52' title="bbox 1055 1728 1840 1767">
     <span class='ocr_line' id='line_1_52' title="bbox 1055 1728 1840 1767; baseline 0.003 -12"><span class='ocrx_word' id='word_1_570' title='bbox 1055 1728 1167 1764; x_wconf 77' lang='grc' dir='ltr'>ἐξεῦρεν</span> <span class='ocrx_word' id='word_1_571' title='bbox 1180 1730 1366 1757; x_wconf 71' lang='grc' dir='ltr'><strong>ἀναδιδάσκων</strong></span> <span class='ocrx_word' id='word_1_572' title='bbox 1379 1731 1442 1763; x_wconf 78' lang='grc' dir='ltr'><strong>τοὺς</strong></span> <span class='ocrx_word' id='word_1_573' title='bbox 1456 1732 1639 1767; x_wconf 70' lang='grc' dir='ltr'><strong>στρατιώτας.</strong></span> <span class='ocrx_word' id='word_1_574' title='bbox 1649 1733 1749 1759; x_wconf 76' lang='grc' dir='ltr'><strong>Ἔστιν</strong></span> <span class='ocrx_word' id='word_1_575' title='bbox 1761 1731 1791 1760; x_wconf 72' lang='grc' dir='ltr'><strong>οἱ</strong></span> <span class='ocrx_word' id='word_1_576' title='bbox 1805 1743 1840 1759; x_wconf 67' lang='grc' dir='ltr'><strong>ις.</strong></span> 
     </span>
    </p>
   </div>
   <div class='ocr_carea' id='block_1_53' title="bbox 1055 1776 1840 1814">
    <p class='ocr_par' dir='ltr' id='par_1_53' title="bbox 1055 1776 1840 1814">
     <span class='ocr_line' id='line_1_53' title="bbox 1055 1776 1840 1814; baseline 0.005 -12"><span class='ocrx_word' id='word_1_577' title='bbox 1055 1776 1135 1808; x_wconf 75' lang='grc' dir='ltr'><strong>αὐτὸς</strong></span> <span class='ocrx_word' id='word_1_578' title='bbox 1158 1776 1397 1812; x_wconf 79' lang='grc' dir='ltr'><strong>συνιππαζόμενος</strong></span> <span class='ocrx_word' id='word_1_579' title='bbox 1415 1778 1539 1810; x_wconf 77' lang='grc' dir='ltr'><strong>τούτοις,</strong></span> <span class='ocrx_word' id='word_1_580' title='bbox 1558 1778 1607 1804; x_wconf 83' lang='grc' dir='ltr'><strong>καὶ</strong></span> <span class='ocrx_word' id='word_1_581' title='bbox 1629 1779 1783 1814; x_wconf 72' lang='grc' dir='ltr'><strong>παραθέων</strong></span> <span class='ocrx_word' id='word_1_582' title='bbox 1802 1789 1840 1810; x_wconf 70' lang='lat'><strong>1:;</strong></span> 
     </span>
    </p>
   </div>
   <div class='ocr_carea' id='block_1_54' title="bbox 1055 1823 1839 1861">
    <p class='ocr_par' dir='ltr' id='par_1_54' title="bbox 1055 1823 1839 1861">
     <span class='ocr_line' id='line_1_54' title="bbox 1055 1823 1839 1861; baseline 0.004 -12"><span class='ocrx_word' id='word_1_583' title='bbox 1055 1823 1216 1858; x_wconf 70' lang='grc' dir='ltr'><strong>φάλαγγας,</strong></span> <span class='ocrx_word' id='word_1_584' title='bbox 1243 1824 1292 1850; x_wconf 76' lang='grc' dir='ltr'><strong>καὶ</strong></span> <span class='ocrx_word' id='word_1_585' title='bbox 1318 1824 1349 1851; x_wconf 78' lang='grc' dir='ltr'><strong>τὸ</strong></span> <span class='ocrx_word' id='word_1_586' title='bbox 1373 1824 1432 1850; x_wconf 83' lang='grc' dir='ltr'>δέον</span> <span class='ocrx_word' id='word_1_587' title='bbox 1459 1825 1533 1851; x_wconf 62' lang='grc' dir='ltr'>ἅπαν</span> <span class='ocrx_word' id='word_1_588' title='bbox 1558 1825 1772 1861; x_wconf 63' lang='grc' dir='ltr'><strong>ὒπῡτιοὲμενος.</strong></span> <span class='ocrx_word' id='word_1_589' title='bbox 1798 1828 1839 1853; x_wconf 66' lang='lat' dir='ltr'><strong>T23</strong></span> 
     </span>
    </p>
   </div>
   <div class='ocr_carea' id='block_1_55' title="bbox 1054 1867 1839 1905">
    <p class='ocr_par' dir='ltr' id='par_1_55' title="bbox 1054 1867 1839 1905">
     <span class='ocr_line' id='line_1_55' title="bbox 1054 1867 1839 1905; baseline 0.005 -13"><span class='ocrx_word' id='word_1_590' title='bbox 1054 1867 1131 1902; x_wconf 73' lang='grc' dir='ltr'>ἡλίου</span> <span class='ocrx_word' id='word_1_591' title='bbox 1154 1867 1183 1893; x_wconf 76' lang='grc' dir='ltr'><strong>δὲ</strong></span> <span class='ocrx_word' id='word_1_592' title='bbox 1203 1867 1258 1894; x_wconf 83' lang='grc' dir='ltr'><strong>τῶν</strong></span> <span class='ocrx_word' id='word_1_593' title='bbox 1281 1868 1414 1904; x_wconf 68' lang='grc' dir='ltr'><strong>μειζόνων</strong></span> <span class='ocrx_word' id='word_1_594' title='bbox 1436 1870 1625 1904; x_wconf 67' lang='grc' dir='ltr'><strong>ἀφισταμένην</strong></span> <span class='ocrx_word' id='word_1_595' title='bbox 1650 1872 1780 1905; x_wconf 61' lang='grc' dir='ltr'>κύκλων,</span> <span class='ocrx_word' id='word_1_596' title='bbox 1804 1882 1839 1898; x_wconf 77' lang='grc' dir='ltr'><strong>ι;;</strong></span> 
     </span>
    </p>
   </div>
   <div class='ocr_carea' id='block_1_56' title="bbox 1055 1915 1837 1954">
    <p class='ocr_par' dir='ltr' id='par_1_56' title="bbox 1055 1915 1837 1954">
     <span class='ocr_line' id='line_1_56' title="bbox 1055 1915 1837 1954; baseline 0.008 -14"><span class='ocrx_word' id='word_1_597' title='bbox 1055 1915 1284 1950; x_wconf 72' lang='grc' dir='ltr'><strong>παραμείψαντος</strong></span> <span class='ocrx_word' id='word_1_598' title='bbox 1301 1916 1351 1949; x_wconf 79' lang='grc' dir='ltr'><strong>μὲν</strong></span> <span class='ocrx_word' id='word_1_599' title='bbox 1365 1915 1414 1950; x_wconf 85' lang='grc' dir='ltr'><strong>τὴν</strong></span> <span class='ocrx_word' id='word_1_600' title='bbox 1429 1915 1637 1952; x_wconf 74' lang='grc' dir='ltr'><strong>φθινοπωρικὴν</strong></span> <span class='ocrx_word' id='word_1_601' title='bbox 1649 1918 1671 1934; x_wconf 89' lang='grc'><strong>¹⁸</strong></span> <span class='ocrx_word' id='word_1_602' title='bbox 1688 1919 1837 1954; x_wconf 51' lang='lat' dir='ltr'><strong>inpagis,</strong></span> 
     </span>
    </p>
   </div>
   <div class='ocr_carea' id='block_1_57' title="bbox 1054 1959 1837 1997">
    <p class='ocr_par' dir='ltr' id='par_1_57' title="bbox 1054 1959 1837 1997">
     <span class='ocr_line' id='line_1_57' title="bbox 1054 1959 1837 1997; baseline 0.01 -12"><span class='ocrx_word' id='word_1_603' title='bbox 1054 1959 1253 1992; x_wconf 77' lang='grc' dir='ltr'><strong>ὲπικύπτοντος</strong></span> <span class='ocrx_word' id='word_1_604' title='bbox 1265 1960 1293 1987; x_wconf 84' lang='grc' dir='ltr'><strong>δὲ</strong></span> <span class='ocrx_word' id='word_1_605' title='bbox 1305 1960 1356 1996; x_wconf 71' lang='grc' dir='ltr'><strong>ἤδη</strong></span> <span class='ocrx_word' id='word_1_606' title='bbox 1370 1962 1440 1997; x_wconf 82' lang='grc' dir='ltr'>πρὸς</span> <span class='ocrx_word' id='word_1_607' title='bbox 1448 1962 1512 1994; x_wconf 74' lang='grc' dir='ltr'><strong>τοὺς</strong></span> <span class='ocrx_word' id='word_1_608' title='bbox 1525 1963 1712 1997; x_wconf 70' lang='grc' dir='ltr'><strong>νοτιωτέρους</strong></span> <span class='ocrx_word' id='word_1_609' title='bbox 1725 1965 1837 1995; x_wconf 55' lang='grc' dir='ltr'><strong>κύκλους,</strong></span> 
     </span>
    </p>
   </div>
   <div class='ocr_carea' id='block_1_58' title="bbox 1055 2006 1837 2046">
    <p class='ocr_par' dir='ltr' id='par_1_58' title="bbox 1055 2006 1837 2046">
     <span class='ocr_line' id='line_1_58' title="bbox 1055 2006 1837 2046; baseline 0.009 -15"><span class='ocrx_word' id='word_1_610' title='bbox 1055 2006 1115 2032; x_wconf 68' lang='grc' dir='ltr'><strong>ἐπεὶ</strong></span> <span class='ocrx_word' id='word_1_611' title='bbox 1144 2006 1237 2032; x_wconf 65' lang='grc' dir='ltr'>οὐτοσὶ</span> <span class='ocrx_word' id='word_1_612' title='bbox 1271 2006 1381 2038; x_wconf 75' lang='grc' dir='ltr'><strong>εὔθετος</strong></span> <span class='ocrx_word' id='word_1_613' title='bbox 1405 2008 1418 2033; x_wconf 74' lang='grc' dir='ltr'>ὁ</span> <span class='ocrx_word' id='word_1_614' title='bbox 1443 2009 1540 2043; x_wconf 75' lang='grc' dir='ltr'>καιρὸς</span> <span class='ocrx_word' id='word_1_615' title='bbox 1565 2010 1625 2040; x_wconf 74' lang='grc' dir='ltr'><strong>ταῖς</strong></span> <span class='ocrx_word' id='word_1_616' title='bbox 1658 2011 1837 2046; x_wconf 55' lang='grc' dir='ltr'><strong>ἐκστρατείας</strong></span> 
     </span>
    </p>
   </div>
   <div class='ocr_carea' id='block_1_59' title="bbox 1056 2051 1835 2092">
    <p class='ocr_par' dir='ltr' id='par_1_59' title="bbox 1056 2051 1835 2092">
     <span class='ocr_line' id='line_1_59' title="bbox 1056 2051 1835 2092; baseline 0.009 -15"><span class='ocrx_word' id='word_1_617' title='bbox 1056 2051 1154 2082; x_wconf 76' lang='grc' dir='ltr'><strong>ἐδόκει,</strong></span> <span class='ocrx_word' id='word_1_618' title='bbox 1167 2051 1217 2078; x_wconf 84' lang='grc' dir='ltr'><strong>σὺν</strong></span> <span class='ocrx_word' id='word_1_619' title='bbox 1232 2051 1307 2084; x_wconf 72' lang='grc' dir='ltr'>ὅλαις</span> <span class='ocrx_word' id='word_1_620' title='bbox 1319 2052 1451 2086; x_wconf 82' lang='grc' dir='ltr'><strong>δυνάμεσι</strong></span> <span class='ocrx_word' id='word_1_621' title='bbox 1466 2054 1585 2080; x_wconf 74' lang='grc' dir='ltr'>κατευθὺ</span> <span class='ocrx_word' id='word_1_622' title='bbox 1605 2055 1723 2082; x_wconf 80' lang='grc' dir='ltr'>Ἰκονίου</span> <span class='ocrx_word' id='word_1_623' title='bbox 1740 2058 1835 2092; x_wconf 55' lang='lat' dir='ltr'><strong>ﬁlatim</strong></span> 
     </span>
    </p>
   </div>
   <div class='ocr_carea' id='block_1_60' title="bbox 215 2081 947 2136">
    <p class='ocr_par' dir='ltr' id='par_1_60' title="bbox 215 2093 947 2129">
     <span class='ocr_line' id='line_1_60' title="bbox 215 2093 947 2129; baseline -0.003 -8"><span class='ocrx_word' id='word_1_624' title='bbox 215 2102 329 2122; x_wconf 87' lang='lat' dir='ltr'><strong>cursans</strong></span> <span class='ocrx_word' id='word_1_625' title='bbox 345 2094 444 2129; x_wconf 88' lang='lat' dir='ltr'><strong>passim</strong></span> <span class='ocrx_word' id='word_1_626' title='bbox 458 2094 530 2121; x_wconf 89' lang='lat' dir='ltr'><strong>ultro</strong></span> <span class='ocrx_word' id='word_1_627' title='bbox 550 2094 674 2127; x_wconf 89' lang='lat' dir='ltr'><strong>citroque</strong></span> <span class='ocrx_word' id='word_1_628' title='bbox 685 2098 766 2128; x_wconf 88' lang='lat' dir='ltr'><strong>atque</strong></span> <span class='ocrx_word' id='word_1_629' title='bbox 777 2094 872 2120; x_wconf 84' lang='lat' dir='ltr'><strong>obiens</strong></span> <span class='ocrx_word' id='word_1_630' title='bbox 888 2093 947 2128; x_wconf 86' lang='lat' dir='ltr'><strong>phal</strong></span> 
     </span>
    </p>
   </div>
   <div class='ocr_carea' id='block_1_61' title="bbox 1102 2081 1834 2136">
    <p class='ocr_par' dir='ltr' id='par_1_61' title="bbox 1102 2081 1834 2136">
     <span class='ocr_line' id='line_1_61' title="bbox 1102 2081 1834 2136; baseline 0.011 -15"><span class='ocrx_word' id='word_1_631' title='bbox 1102 2097 1115 2120; x_wconf 66' lang='grc' dir='ltr'><strong>μ’</strong></span> <span class='ocrx_word' id='word_1_632' title='bbox 1139 2081 1168 2123; x_wconf 65' lang='grc' dir='ltr'><strong>ὃν</strong></span> <span class='ocrx_word' id='word_1_633' title='bbox 1185 2081 1305 2132; x_wconf 75' lang='grc' dir='ltr'><strong>ἀρχῆθεν</strong></span> <span class='ocrx_word' id='word_1_634' title='bbox 1321 2081 1452 2132; x_wconf 53' lang='grc' dir='ltr'>προέδετο</span> <span class='ocrx_word' id='word_1_635' title='bbox 1467 2098 1609 2134; x_wconf 75' lang='grc' dir='ltr'><strong>λογισμὸν,</strong></span> <span class='ocrx_word' id='word_1_636' title='bbox 1629 2101 1681 2127; x_wconf 67' lang='grc' dir='ltr'><strong>καὶ</strong></span> 
     </span>
    </p>
   </div>
   <div class='ocr_carea' id='block_1_62' title="bbox 216 2139 1001 2176">
    <p class='ocr_par' dir='ltr' id='par_1_62' title="bbox 216 2139 1001 2176">
     <span class='ocr_line' id='line_1_62' title="bbox 216 2139 1001 2176; baseline -0.001 -9"><span class='ocrx_word' id='word_1_637' title='bbox 216 2149 274 2176; x_wconf 75' lang='lat' dir='ltr'><strong>gas.</strong></span> <span class='ocrx_word' id='word_1_638' title='bbox 286 2140 348 2168; x_wconf 89' lang='lat' dir='ltr'><strong>Sole</strong></span> <span class='ocrx_word' id='word_1_639' title='bbox 377 2148 458 2176; x_wconf 90' lang='lat' dir='ltr'><strong>porro</strong></span> <span class='ocrx_word' id='word_1_640' title='bbox 470 2139 526 2173; x_wconf 83' lang='lat' dir='ltr'><strong>jam</strong></span> <span class='ocrx_word' id='word_1_641' title='bbox 541 2148 554 2166; x_wconf 88' lang='lat' dir='ltr'><strong>a</strong></span> <span class='ocrx_word' id='word_1_642' title='bbox 571 2139 720 2174; x_wconf 77' lang='lat' dir='ltr'><strong>ntajoribns</strong></span> <span class='ocrx_word' id='word_1_643' title='bbox 743 2140 892 2167; x_wconf 80' lang='lat' dir='ltr'><strong>absistente</strong></span> <span class='ocrx_word' id='word_1_644' title='bbox 911 2140 1001 2166; x_wconf 78' lang='lat' dir='ltr'><strong>circn-</strong></span> 
     </span>
    </p>
   </div>
   <div class='ocr_carea' id='block_1_63' title="bbox 217 2185 1002 2220">
    <p class='ocr_par' dir='ltr' id='par_1_63' title="bbox 217 2185 1002 2220">
     <span class='ocr_line' id='line_1_63' title="bbox 217 2185 1002 2220; baseline -0.001 -8"><span class='ocrx_word' id='word_1_645' title='bbox 217 2187 259 2217; x_wconf 83' lang='lat' dir='ltr'><strong>lis,</strong></span> <span class='ocrx_word' id='word_1_646' title='bbox 281 2192 308 2213; x_wconf 90' lang='lat' dir='ltr'><strong>ct</strong></span> <span class='ocrx_word' id='word_1_647' title='bbox 325 2186 472 2212; x_wconf 83' lang='lat' dir='ltr'><strong>autumnali</strong></span> <span class='ocrx_word' id='word_1_648' title='bbox 495 2185 549 2220; x_wconf 89' lang='lat' dir='ltr'><strong>jam</strong></span> <span class='ocrx_word' id='word_1_649' title='bbox 580 2185 746 2220; x_wconf 78' lang='lat' dir='ltr'><strong>:eqninoctio</strong></span> <span class='ocrx_word' id='word_1_650' title='bbox 773 2190 954 2219; x_wconf 75' lang='lat' dir='ltr'><strong>transgresso,</strong></span> <span class='ocrx_word' id='word_1_651' title='bbox 970 2185 1002 2212; x_wconf 88' lang='lat' dir='ltr'><strong>ad</strong></span> 
     </span>
    </p>
   </div>
   <div class='ocr_carea' id='block_1_64' title="bbox 216 2230 1003 2266">
    <p class='ocr_par' dir='ltr' id='par_1_64' title="bbox 216 2230 1003 2266">
     <span class='ocr_line' id='line_1_64' title="bbox 216 2230 1003 2266; baseline 0 -8"><span class='ocrx_word' id='word_1_652' title='bbox 216 2232 349 2259; x_wconf 86' lang='lat' dir='ltr'><strong>australes</strong></span> <span class='ocrx_word' id='word_1_653' title='bbox 372 2230 519 2258; x_wconf 83' lang='lat' dir='ltr'><strong>inclinante</strong></span> <span class='ocrx_word' id='word_1_654' title='bbox 531 2231 622 2262; x_wconf 85' lang='lat' dir='ltr'><strong>orbes,</strong></span> <span class='ocrx_word' id='word_1_655' title='bbox 644 2231 739 2258; x_wconf 87' lang='lat' dir='ltr'><strong>idonea</strong></span> <span class='ocrx_word' id='word_1_656' title='bbox 755 2231 920 2266; x_wconf 85' lang='lat' dir='ltr'><strong>expeditioni</strong></span> <span class='ocrx_word' id='word_1_657' title='bbox 936 2237 1003 2259; x_wconf 86' lang='lat' dir='ltr'><strong>tem-</strong></span> 
     </span>
    </p>
   </div>
   <div class='ocr_carea' id='block_1_65' title="bbox 217 2276 1003 2313">
    <p class='ocr_par' dir='ltr' id='par_1_65' title="bbox 217 2276 1003 2313">
     <span class='ocr_line' id='line_1_65' title="bbox 217 2276 1003 2313; baseline 0.001 -10"><span class='ocrx_word' id='word_1_658' title='bbox 217 2283 307 2313; x_wconf 76' lang='lat' dir='ltr'><strong>pestas</strong></span> <span class='ocrx_word' id='word_1_659' title='bbox 333 2277 428 2305; x_wconf 87' lang='lat' dir='ltr'><strong>adesse</strong></span> <span class='ocrx_word' id='word_1_660' title='bbox 442 2277 509 2304; x_wconf 85' lang='lat' dir='ltr'><strong>visa.</strong></span> <span class='ocrx_word' id='word_1_661' title='bbox 537 2276 620 2312; x_wconf 64' lang='lat'><strong>469</strong></span> <span class='ocrx_word' id='word_1_662' title='bbox 646 2277 715 2313; x_wconf 81' lang='lat' dir='ltr'><strong>Ergo</strong></span> <span class='ocrx_word' id='word_1_663' title='bbox 742 2282 820 2304; x_wconf 74' lang='lat' dir='ltr'><strong>vetus</strong></span> <span class='ocrx_word' id='word_1_664' title='bbox 851 2285 1003 2311; x_wconf 82' lang='lat' dir='ltr'><strong>exsequens</strong></span> 
     </span>
    </p>
   </div>
   <div class='ocr_carea' id='block_1_66' title="bbox 218 2322 1003 2359">
    <p class='ocr_par' dir='ltr' id='par_1_66' title="bbox 218 2322 1003 2359">
     <span class='ocr_line' id='line_1_66' title="bbox 218 2322 1003 2359; baseline 0 -9"><span class='ocrx_word' id='word_1_665' title='bbox 218 2324 384 2359; x_wconf 82' lang='lat' dir='ltr'><strong>propositum</strong></span> <span class='ocrx_word' id='word_1_666' title='bbox 399 2331 494 2350; x_wconf 87' lang='lat' dir='ltr'><strong>onmes</strong></span> <span class='ocrx_word' id='word_1_667' title='bbox 506 2331 596 2350; x_wconf 86' lang='lat' dir='ltr'><strong>secum</strong></span> <span class='ocrx_word' id='word_1_668' title='bbox 611 2323 702 2357; x_wconf 88' lang='lat' dir='ltr'><strong>copias</strong></span> <span class='ocrx_word' id='word_1_669' title='bbox 720 2328 793 2350; x_wconf 86' lang='lat' dir='ltr'><strong>recta</strong></span> <span class='ocrx_word' id='word_1_670' title='bbox 809 2322 930 2350; x_wconf 89' lang='lat' dir='ltr'><strong>icouium</strong></span> <span class='ocrx_word' id='word_1_671' title='bbox 942 2331 1003 2350; x_wconf 86' lang='lat' dir='ltr'><strong>ver-</strong></span> 
     </span>
    </p>
   </div>
   <div class='ocr_carea' id='block_1_67' title="bbox 218 2367 1005 2402">
    <p class='ocr_par' dir='ltr' id='par_1_67' title="bbox 218 2367 1005 2402">
     <span class='ocr_line' id='line_1_67' title="bbox 218 2367 1005 2402; baseline 0.003 -9"><span class='ocrx_word' id='word_1_672' title='bbox 218 2375 264 2394; x_wconf 76' lang='lat' dir='ltr'><strong>sus</strong></span> <span class='ocrx_word' id='word_1_673' title='bbox 283 2368 361 2402; x_wconf 87' lang='lat' dir='ltr'><strong>rapit.</strong></span> <span class='ocrx_word' id='word_1_674' title='bbox 379 2367 496 2394; x_wconf 64' lang='lat' dir='ltr'><strong>Nicmam</strong></span> <span class='ocrx_word' id='word_1_675' title='bbox 523 2367 603 2394; x_wconf 85' lang='lat' dir='ltr'><strong>simul</strong></span> <span class='ocrx_word' id='word_1_676' title='bbox 633 2367 734 2402; x_wconf 78' lang='lat' dir='ltr'><strong>attigit,</strong></span> <span class='ocrx_word' id='word_1_677' title='bbox 753 2367 892 2402; x_wconf 81' lang='lat' dir='ltr'><strong>expeditos</strong></span> <span class='ocrx_word' id='word_1_678' title='bbox 906 2368 1005 2396; x_wconf 85' lang='lat' dir='ltr'><strong>milites</strong></span> 
     </span>
    </p>
   </div>
   <div class='ocr_carea' id='block_1_68' title="bbox 218 2413 1004 2447">
    <p class='ocr_par' dir='ltr' id='par_1_68' title="bbox 218 2413 1004 2447">
     <span class='ocr_line' id='line_1_68' title="bbox 218 2413 1004 2447; baseline 0.005 -9"><span class='ocrx_word' id='word_1_679' title='bbox 218 2414 312 2447; x_wconf 86' lang='lat' dir='ltr'><strong>peritis</strong></span> <span class='ocrx_word' id='word_1_680' title='bbox 324 2414 528 2440; x_wconf 84' lang='lat' dir='ltr'><strong>commendatos</strong></span> <span class='ocrx_word' id='word_1_681' title='bbox 547 2413 661 2440; x_wconf 89' lang='lat' dir='ltr'><strong>ducibus</strong></span> <span class='ocrx_word' id='word_1_682' title='bbox 678 2420 840 2447; x_wconf 83' lang='lat' dir='ltr'><strong>procurrere</strong></span> <span class='ocrx_word' id='word_1_683' title='bbox 858 2413 883 2440; x_wconf 93' lang='lat' dir='ltr'><strong>iu</strong></span> <span class='ocrx_word' id='word_1_684' title='bbox 900 2414 1004 2442; x_wconf 88' lang='lat' dir='ltr'><strong>Turcos</strong></span> 
     </span>
    </p>
   </div>
   <div class='ocr_carea' id='block_1_69' title="bbox 218 2459 1002 2494">
    <p class='ocr_par' dir='ltr' id='par_1_69' title="bbox 218 2459 1002 2494">
     <span class='ocr_line' id='line_1_69' title="bbox 218 2459 1002 2494; baseline 0.005 -10"><span class='ocrx_word' id='word_1_685' title='bbox 218 2459 386 2493; x_wconf 53' lang='lat' dir='ltr'><strong>praedarique</strong></span> <span class='ocrx_word' id='word_1_686' title='bbox 422 2459 533 2494; x_wconf 78' lang='lat' dir='ltr'><strong>passim,</strong></span> <span class='ocrx_word' id='word_1_687' title='bbox 552 2464 578 2485; x_wconf 90' lang='lat' dir='ltr'><strong>et</strong></span> <span class='ocrx_word' id='word_1_688' title='bbox 606 2459 716 2492; x_wconf 80' lang='lat' dir='ltr'><strong>divisos,</strong></span> <span class='ocrx_word' id='word_1_689' title='bbox 739 2467 837 2487; x_wconf 87' lang='lat' dir='ltr'><strong>tuantts</strong></span> <span class='ocrx_word' id='word_1_690' title='bbox 865 2466 1002 2488; x_wconf 86' lang='lat' dir='ltr'><strong>ostentare</strong></span> 
     </span>
    </p>
   </div>
   <div class='ocr_carea' id='block_1_70' title="bbox 219 2504 1002 2540">
    <p class='ocr_par' dir='ltr' id='par_1_70' title="bbox 219 2504 1002 2540">
     <span class='ocr_line' id='line_1_70' title="bbox 219 2504 1002 2540; baseline 0.001 -8"><span class='ocrx_word' id='word_1_691' title='bbox 219 2506 312 2532; x_wconf 87' lang='lat' dir='ltr'><strong>multis</strong></span> <span class='ocrx_word' id='word_1_692' title='bbox 327 2504 394 2532; x_wconf 87' lang='lat' dir='ltr'><strong>locis</strong></span> <span class='ocrx_word' id='word_1_693' title='bbox 410 2513 463 2532; x_wconf 94' lang='lat' dir='ltr'><strong>uno</strong></span> <span class='ocrx_word' id='word_1_694' title='bbox 479 2513 601 2540; x_wconf 82' lang='lat' dir='ltr'><strong>tempore</strong></span> <span class='ocrx_word' id='word_1_695' title='bbox 623 2505 714 2540; x_wconf 69' lang='lat' dir='ltr'><strong>plures</strong></span> <span class='ocrx_word' id='word_1_696' title='bbox 735 2505 828 2539; x_wconf 85' lang='lat' dir='ltr'><strong>jubet;</strong></span> <span class='ocrx_word' id='word_1_697' title='bbox 844 2506 907 2533; x_wconf 89' lang='lat' dir='ltr'><strong>illud</strong></span> <span class='ocrx_word' id='word_1_698' title='bbox 922 2507 1002 2533; x_wconf 86' lang='lat' dir='ltr'><strong>etiam</strong></span> 
     </span>
    </p>
   </div>
   <div class='ocr_carea' id='block_1_71' title="bbox 220 2552 1004 2587">
    <p class='ocr_par' dir='ltr' id='par_1_71' title="bbox 220 2552 1004 2587">
     <span class='ocr_line' id='line_1_71' title="bbox 220 2552 1004 2587; baseline 0.004 -10"><span class='ocrx_word' id='word_1_699' title='bbox 220 2559 300 2587; x_wconf 78' lang='lat' dir='ltr'><strong>atque</strong></span> <span class='ocrx_word' id='word_1_700' title='bbox 317 2552 399 2579; x_wconf 86' lang='lat' dir='ltr'><strong>etiam</strong></span> <span class='ocrx_word' id='word_1_701' title='bbox 415 2553 639 2579; x_wconf 89' lang='lat' dir='ltr'><strong>interminatione</strong></span> <span class='ocrx_word' id='word_1_702' title='bbox 657 2553 730 2579; x_wconf 92' lang='lat' dir='ltr'><strong>omni</strong></span> <span class='ocrx_word' id='word_1_703' title='bbox 752 2557 835 2584; x_wconf 81' lang='lat' dir='ltr'><strong>velut,</strong></span> <span class='ocrx_word' id='word_1_704' title='bbox 857 2561 900 2586; x_wconf 84' lang='lat' dir='ltr'><strong>ne,</strong></span> <span class='ocrx_word' id='word_1_705' title='bbox 919 2553 959 2580; x_wconf 88' lang='lat' dir='ltr'><strong>vel</strong></span> <span class='ocrx_word' id='word_1_706' title='bbox 980 2554 1004 2581; x_wconf 90' lang='lat' dir='ltr'><strong>si</strong></span> 
     </span>
    </p>
   </div>
   <div class='ocr_carea' id='block_1_72' title="bbox 219 2598 1004 2634">
    <p class='ocr_par' dir='ltr' id='par_1_72' title="bbox 219 2598 1004 2634">
     <span class='ocr_line' id='line_1_72' title="bbox 219 2598 1004 2634; baseline 0 -8"><span class='ocrx_word' id='word_1_707' title='bbox 219 2598 272 2626; x_wconf 82' lang='lat' dir='ltr'><strong>Deo</strong></span> <span class='ocrx_word' id='word_1_708' title='bbox 293 2599 436 2626; x_wconf 81' lang='lat' dir='ltr'><strong>manifeste</strong></span> <span class='ocrx_word' id='word_1_709' title='bbox 447 2599 594 2634; x_wconf 62' lang='lat' dir='ltr'><strong>adiuvante</strong></span> <span class='ocrx_word' id='word_1_710' title='bbox 609 2600 759 2631; x_wconf 84' lang='lat' dir='ltr'><strong>vincerent,</strong></span> <span class='ocrx_word' id='word_1_711' title='bbox 774 2599 924 2634; x_wconf 82' lang='lat' dir='ltr'><strong>hostesque</strong></span> <span class='ocrx_word' id='word_1_712' title='bbox 942 2601 987 2626; x_wconf 77' lang='lat' dir='ltr'><strong>inn</strong></span> <span class='ocrx_word' id='word_1_713' title='bbox 998 2615 1004 2620; x_wconf 89' lang='lat'><strong><em>-</em></strong></span> 
     </span>
    </p>
   </div>
   <div class='ocr_carea' id='block_1_73' title="bbox 1051 2142 1835 2183">
    <p class='ocr_par' dir='ltr' id='par_1_73' title="bbox 1051 2142 1835 2183">
     <span class='ocr_line' id='line_1_73' title="bbox 1051 2142 1835 2183; baseline 0.006 -15"><span class='ocrx_word' id='word_1_714' title='bbox 1051 2142 1101 2177; x_wconf 78' lang='grc' dir='ltr'><strong>τὴν</strong></span> <span class='ocrx_word' id='word_1_715' title='bbox 1117 2143 1235 2170; x_wconf 72' lang='grc' dir='ltr'><strong>Νίκαιαν</strong></span> <span class='ocrx_word' id='word_1_716' title='bbox 1259 2143 1421 2170; x_wconf 76' lang='grc' dir='ltr'><strong>καταλαΰὼν</strong></span> <span class='ocrx_word' id='word_1_717' title='bbox 1437 2145 1572 2177; x_wconf 74' lang='grc' dir='ltr'><strong>εὐζώνους</strong></span> <span class='ocrx_word' id='word_1_718' title='bbox 1588 2147 1767 2181; x_wconf 63' lang='grc' dir='ltr'><strong>στρατιώτας</strong></span> <span class='ocrx_word' id='word_1_719' title='bbox 1790 2150 1835 2183; x_wconf 72' lang='grc' dir='ltr'><strong>μετ’</strong></span> 
     </span>
    </p>
   </div>
   <div class='ocr_carea' id='block_1_74' title="bbox 1052 2189 1835 2231">
    <p class='ocr_par' dir='ltr' id='par_1_74' title="bbox 1052 2189 1835 2231">
     <span class='ocr_line' id='line_1_74' title="bbox 1052 2189 1835 2231; baseline 0.01 -16"><span class='ocrx_word' id='word_1_720' title='bbox 1052 2189 1192 2225; x_wconf 79' lang='grc' dir='ltr'>ὲμπεὶρων</span> <span class='ocrx_word' id='word_1_721' title='bbox 1202 2190 1348 2225; x_wconf 77' lang='grc' dir='ltr'>ἡγεμόνων</span> <span class='ocrx_word' id='word_1_722' title='bbox 1361 2192 1572 2227; x_wconf 74' lang='grc' dir='ltr'><strong>ἁποδιελὸμενος</strong></span> <span class='ocrx_word' id='word_1_723' title='bbox 1590 2193 1639 2219; x_wconf 73' lang='grc' dir='ltr'><strong>τοῦ</strong></span> <span class='ocrx_word' id='word_1_724' title='bbox 1653 2194 1753 2222; x_wconf 73' lang='grc' dir='ltr'><strong>λοιποῦ</strong></span> <span class='ocrx_word' id='word_1_725' title='bbox 1769 2205 1835 2231; x_wconf 60' lang='grc' dir='ltr'><strong>στρι-</strong></span> 
     </span>
    </p>
   </div>
   <div class='ocr_carea' id='block_1_75' title="bbox 1053 2235 1833 2276">
    <p class='ocr_par' dir='ltr' id='par_1_75' title="bbox 1053 2235 1833 2276">
     <span class='ocr_line' id='line_1_75' title="bbox 1053 2235 1833 2276; baseline 0.008 -15"><span class='ocrx_word' id='word_1_726' title='bbox 1053 2235 1188 2270; x_wconf 70' lang='grc' dir='ltr'><strong>τεύματος</strong></span> <span class='ocrx_word' id='word_1_727' title='bbox 1204 2237 1245 2267; x_wconf 80' lang='grc' dir='ltr'><strong>εἰς</strong></span> <span class='ocrx_word' id='word_1_728' title='bbox 1268 2237 1411 2272; x_wconf 75' lang='grc' dir='ltr'>προνομὴν</span> <span class='ocrx_word' id='word_1_729' title='bbox 1432 2238 1504 2264; x_wconf 71' lang='grc' dir='ltr'><strong>κατὰ</strong></span> <span class='ocrx_word' id='word_1_730' title='bbox 1521 2239 1575 2264; x_wconf 79' lang='grc' dir='ltr'><strong>τῶν</strong></span> <span class='ocrx_word' id='word_1_731' title='bbox 1593 2239 1733 2275; x_wconf 73' lang='grc' dir='ltr'>Τούρκων</span> <span class='ocrx_word' id='word_1_732' title='bbox 1749 2251 1833 2276; x_wconf 62' lang='grc' dir='ltr'>πρίει-</span> 
     </span>
    </p>
   </div>
   <div class='ocr_carea' id='block_1_76' title="bbox 1052 2281 1833 2321">
    <p class='ocr_par' dir='ltr' id='par_1_76' title="bbox 1052 2281 1833 2321">
     <span class='ocr_line' id='line_1_76' title="bbox 1052 2281 1833 2321; baseline 0.009 -14"><span class='ocrx_word' id='word_1_733' title='bbox 1052 2281 1168 2316; x_wconf 71' lang='grc' dir='ltr'>δραμεῖν</span> <span class='ocrx_word' id='word_1_734' title='bbox 1185 2282 1296 2314; x_wconf 70' lang='grc' dir='ltr'><strong>τούτους</strong></span> <span class='ocrx_word' id='word_1_735' title='bbox 1314 2283 1546 2319; x_wconf 70' lang='grc' dir='ltr'><strong>παρεκελεύσατο,</strong></span> <span class='ocrx_word' id='word_1_736' title='bbox 1563 2285 1776 2321; x_wconf 61' lang='grc' dir='ltr'><strong>διεσπαρμένοις</strong></span> <span class='ocrx_word' id='word_1_737' title='bbox 1798 2296 1833 2317; x_wconf 70' lang='grc' dir='ltr'><strong>τις</strong></span> 
     </span>
    </p>
   </div>
   <div class='ocr_carea' id='block_1_77' title="bbox 1053 2326 1832 2368">
    <p class='ocr_par' dir='ltr' id='par_1_77' title="bbox 1053 2326 1832 2368">
     <span class='ocr_line' id='line_1_77' title="bbox 1053 2326 1832 2368; baseline 0.009 -16"><span class='ocrx_word' id='word_1_738' title='bbox 1053 2326 1190 2362; x_wconf 69' lang='grc' dir='ltr'>ἐκδρομὰς</span> <span class='ocrx_word' id='word_1_739' title='bbox 1214 2329 1406 2363; x_wconf 77' lang='grc' dir='ltr'><strong>ποιουμένους.</strong></span> <span class='ocrx_word' id='word_1_740' title='bbox 1434 2330 1515 2356; x_wconf 78' lang='grc' dir='ltr'>Ἀλλὰ</span> <span class='ocrx_word' id='word_1_741' title='bbox 1543 2331 1611 2365; x_wconf 78' lang='grc' dir='ltr'><strong>μηδὲ</strong></span> <span class='ocrx_word' id='word_1_742' title='bbox 1637 2333 1664 2358; x_wconf 78' lang='grc' dir='ltr'>εξ</span> <span class='ocrx_word' id='word_1_743' title='bbox 1694 2335 1749 2368; x_wconf 76' lang='grc' dir='ltr'><strong>τὴν</strong></span> <span class='ocrx_word' id='word_1_744' title='bbox 1770 2335 1832 2366; x_wconf 51' lang='grc' dir='ltr'>νίκη.</span> 
     </span>
    </p>
   </div>
   <div class='ocr_carea' id='block_1_78' title="bbox 1054 2372 1834 2415">
    <p class='ocr_par' dir='ltr' id='par_1_78' title="bbox 1054 2372 1834 2415">
     <span class='ocr_line' id='line_1_78' title="bbox 1054 2372 1834 2415; baseline 0.009 -16"><span class='ocrx_word' id='word_1_745' title='bbox 1054 2372 1147 2399; x_wconf 76' lang='grc' dir='ltr'>θεόθεν</span> <span class='ocrx_word' id='word_1_746' title='bbox 1170 2373 1280 2400; x_wconf 71' lang='grc' dir='ltr'><strong>λάϐοιεν</strong></span> <span class='ocrx_word' id='word_1_747' title='bbox 1304 2375 1352 2402; x_wconf 69' lang='grc' dir='ltr'>καὶ</span> <span class='ocrx_word' id='word_1_748' title='bbox 1371 2376 1636 2411; x_wconf 76' lang='grc' dir='ltr'><strong>κατατροττὼσαιντο</strong></span> <span class='ocrx_word' id='word_1_749' title='bbox 1653 2380 1720 2411; x_wconf 70' lang='grc' dir='ltr'><strong>τοὺς</strong></span> <span class='ocrx_word' id='word_1_750' title='bbox 1737 2380 1834 2415; x_wconf 69' lang='grc' dir='ltr'><strong>ἐχθρο.;</strong></span> 
     </span>
    </p>
   </div>
   <div class='ocr_carea' id='block_1_79' title="bbox 1053 2419 1833 2461">
    <p class='ocr_par' dir='ltr' id='par_1_79' title="bbox 1053 2419 1833 2461">
     <span class='ocr_line' id='line_1_79' title="bbox 1053 2419 1833 2461; baseline 0.008 -16"><span class='ocrx_word' id='word_1_751' title='bbox 1053 2420 1082 2451; x_wconf 84' lang='grc' dir='ltr'><strong>ὲς</strong></span> <span class='ocrx_word' id='word_1_752' title='bbox 1097 2419 1208 2454; x_wconf 71' lang='grc' dir='ltr'>μακρὰν</span> <span class='ocrx_word' id='word_1_753' title='bbox 1223 2421 1367 2447; x_wconf 65' lang='grc' dir='ltr'><strong>ἀποτελεῖν</strong></span> <span class='ocrx_word' id='word_1_754' title='bbox 1386 2422 1435 2457; x_wconf 72' lang='grc' dir='ltr'><strong>τὴν</strong></span> <span class='ocrx_word' id='word_1_755' title='bbox 1449 2423 1638 2459; x_wconf 77' lang='grc' dir='ltr'><strong>καταδρομὴν,</strong></span> <span class='ocrx_word' id='word_1_756' title='bbox 1659 2426 1833 2461; x_wconf 51' lang='grc' dir='ltr'><strong>ἀρκουμέηά</strong></span> 
     </span>
    </p>
   </div>
   <div class='ocr_carea' id='block_1_80' title="bbox 1053 2466 1833 2507">
    <p class='ocr_par' dir='ltr' id='par_1_80' title="bbox 1053 2466 1833 2507">
     <span class='ocr_line' id='line_1_80' title="bbox 1053 2466 1833 2507; baseline 0.009 -16"><span class='ocrx_word' id='word_1_757' title='bbox 1053 2466 1080 2492; x_wconf 79' lang='grc' dir='ltr'><strong>δὲ</strong></span> <span class='ocrx_word' id='word_1_758' title='bbox 1092 2467 1124 2501; x_wconf 83' lang='grc' dir='ltr'><strong>τῇ</strong></span> <span class='ocrx_word' id='word_1_759' title='bbox 1139 2466 1267 2502; x_wconf 54' lang='grc' dir='ltr'>δεδομένῃ</span> <span class='ocrx_word' id='word_1_760' title='bbox 1287 2468 1345 2501; x_wconf 76' lang='grc' dir='ltr'>μετ’</span> <span class='ocrx_word' id='word_1_761' title='bbox 1366 2467 1494 2500; x_wconf 68' lang='grc' dir='ltr'><strong>εὐταξίας</strong></span> <span class='ocrx_word' id='word_1_762' title='bbox 1505 2470 1586 2496; x_wconf 73' lang='grc' dir='ltr'>πάλιν</span> <span class='ocrx_word' id='word_1_763' title='bbox 1598 2470 1649 2504; x_wconf 72' lang='grc' dir='ltr'><strong>τὴν</strong></span> <span class='ocrx_word' id='word_1_764' title='bbox 1669 2471 1833 2507; x_wconf 45' lang='lat' dir='ltr'><strong>{amatr/5:;</strong></span> 
     </span>
    </p>
   </div>
   <div class='ocr_carea' id='block_1_81' title="bbox 1054 2512 1832 2553">
    <p class='ocr_par' dir='ltr' id='par_1_81' title="bbox 1054 2512 1832 2553">
     <span class='ocr_line' id='line_1_81' title="bbox 1054 2512 1832 2553; baseline 0.008 -16"><span class='ocrx_word' id='word_1_765' title='bbox 1054 2512 1204 2546; x_wconf 71' lang='grc' dir='ltr'>παρηγγύα</span> <span class='ocrx_word' id='word_1_766' title='bbox 1215 2514 1313 2539; x_wconf 76' lang='grc' dir='ltr'><strong>ποιεῖν.</strong></span> <span class='ocrx_word' id='word_1_767' title='bbox 1326 2513 1534 2547; x_wconf 66' lang='grc' dir='ltr'><strong>Καταλαϐόντες</strong></span> <span class='ocrx_word' id='word_1_768' title='bbox 1543 2514 1590 2542; x_wconf 73' lang='grc' dir='ltr'><strong>οὖν</strong></span> <span class='ocrx_word' id='word_1_769' title='bbox 1600 2516 1659 2552; x_wconf 71' lang='grc' dir='ltr'><strong>ἃμα</strong></span> <span class='ocrx_word' id='word_1_770' title='bbox 1669 2518 1710 2553; x_wconf 80' lang='grc' dir='ltr'><strong>τῷ</strong></span> <span class='ocrx_word' id='word_1_771' title='bbox 1720 2519 1832 2553; x_wconf 58' lang='grc' dir='ltr'><strong>αὔξοιμ-</strong></span> 
     </span>
    </p>
   </div>
   <div class='ocr_carea' id='block_1_82' title="bbox 1054 2560 1832 2597">
    <p class='ocr_par' dir='ltr' id='par_1_82' title="bbox 1054 2560 1832 2597">
     <span class='ocr_line' id='line_1_82' title="bbox 1054 2560 1832 2597; baseline 0.006 -13"><span class='ocrx_word' id='word_1_772' title='bbox 1054 2567 1113 2592; x_wconf 83' lang='grc' dir='ltr'>τορι</span> <span class='ocrx_word' id='word_1_773' title='bbox 1126 2560 1208 2585; x_wconf 64' lang='grc' dir='ltr'>τόπον</span> <span class='ocrx_word' id='word_1_774' title='bbox 1221 2560 1282 2586; x_wconf 76' lang='grc' dir='ltr'><strong>τινὰ</strong></span> <span class='ocrx_word' id='word_1_775' title='bbox 1294 2560 1478 2595; x_wconf 76' lang='grc' dir='ltr'>διακείμενον,</span> <span class='ocrx_word' id='word_1_776' title='bbox 1494 2562 1638 2597; x_wconf 78' lang='grc' dir='ltr'>ὲγχωρίως</span> <span class='ocrx_word' id='word_1_777' title='bbox 1650 2565 1754 2590; x_wconf 56' lang='lat' dir='ltr'><strong>eitum&quot;.</strong></span> <span class='ocrx_word' id='word_1_778' title='bbox 1765 2566 1832 2591; x_wconf 70' lang='grc' dir='ltr'>Γιξτι</span> 
     </span>
    </p>
   </div>
   <div class='ocr_carea' id='block_1_83' title="bbox 1055 2606 1830 2647">
    <p class='ocr_par' dir='ltr' id='par_1_83' title="bbox 1055 2606 1830 2647">
     <span class='ocr_line' id='line_1_83' title="bbox 1055 2606 1830 2647; baseline 0.01 -17"><span class='ocrx_word' id='word_1_779' title='bbox 1055 2606 1340 2640; x_wconf 70' lang='grc' dir='ltr'><strong>προσαγορευόμενον,</strong></span> <span class='ocrx_word' id='word_1_780' title='bbox 1368 2607 1469 2634; x_wconf 82' lang='grc' dir='ltr'>ἐκεῖνοι</span> <span class='ocrx_word' id='word_1_781' title='bbox 1495 2609 1546 2644; x_wconf 78' lang='grc' dir='ltr'><strong>μὲν</strong></span> <span class='ocrx_word' id='word_1_782' title='bbox 1570 2611 1654 2642; x_wconf 63' lang='grc' dir='ltr'>εὐθὺς</span> <span class='ocrx_word' id='word_1_783' title='bbox 1678 2612 1830 2647; x_wconf 59' lang='grc' dir='ltr'>ἁπῄεπιν.;</span> 
     </span>
    </p>
   </div>
   <div class='ocr_carea' id='block_1_84' title="bbox 218 2645 950 2694">
    <p class='ocr_par' dir='ltr' id='par_1_84' title="bbox 218 2645 949 2678">
     <span class='ocr_line' id='line_1_84' title="bbox 218 2645 949 2678; baseline 0.004 -7"><span class='ocrx_word' id='word_1_784' title='bbox 218 2645 323 2678; x_wconf 73' lang='lat' dir='ltr'><strong>tierent,</strong></span> <span class='ocrx_word' id='word_1_785' title='bbox 341 2646 528 2673; x_wconf 75' lang='lat' dir='ltr'><strong>excursionem</strong></span> <span class='ocrx_word' id='word_1_786' title='bbox 555 2651 644 2673; x_wconf 87' lang='lat' dir='ltr'><strong>tamen</strong></span> <span class='ocrx_word' id='word_1_787' title='bbox 673 2647 762 2674; x_wconf 82' lang='lat' dir='ltr'><strong>facere</strong></span> <span class='ocrx_word' id='word_1_788' title='bbox 789 2648 919 2675; x_wconf 85' lang='lat' dir='ltr'><strong>auderent</strong></span> <span class='ocrx_word' id='word_1_789' title='bbox 942 2648 949 2674; x_wconf 92' lang='lat' dir='ltr'><strong>l</strong></span> 
     </span>
    </p>
   </div>
   <div class='ocr_carea' id='block_1_85' title="bbox 1096 2645 1828 2694">
    <p class='ocr_par' dir='ltr' id='par_1_85' title="bbox 1097 2651 1807 2692">
     <span class='ocr_line' id='line_1_85' title="bbox 1097 2651 1807 2692; baseline 0.011 -16"><span class='ocrx_word' id='word_1_790' title='bbox 1097 2651 1209 2686; x_wconf 75' lang='grc' dir='ltr'>ἀπάρας</span> <span class='ocrx_word' id='word_1_791' title='bbox 1227 2652 1332 2678; x_wconf 75' lang='grc' dir='ltr'>ἐκεῖθεν</span> <span class='ocrx_word' id='word_1_792' title='bbox 1349 2654 1396 2680; x_wconf 63' lang='grc' dir='ltr'><strong>σὺν</strong></span> <span class='ocrx_word' id='word_1_793' title='bbox 1412 2654 1488 2686; x_wconf 79' lang='grc' dir='ltr'>ὅλαις</span> <span class='ocrx_word' id='word_1_794' title='bbox 1504 2655 1638 2691; x_wconf 72' lang='grc' dir='ltr'><strong>δυνάμεσι</strong></span> <span class='ocrx_word' id='word_1_795' title='bbox 1651 2657 1701 2692; x_wconf 83' lang='grc' dir='ltr'><strong>τὴν</strong></span> <span class='ocrx_word' id='word_1_796' title='bbox 1716 2667 1784 2684; x_wconf 72' lang='lat'><strong>12::</strong></span> <span class='ocrx_word' id='word_1_797' title='bbox 1799 2668 1807 2683; x_wconf 85' lang='lat'>:</span> 
     </span>
    </p>
   </div>
   <div class='ocr_carea' id='block_1_86' title="bbox 217 2691 996 2728">
    <p class='ocr_par' dir='ltr' id='par_1_86' title="bbox 217 2691 996 2728">
     <span class='ocr_line' id='line_1_86' title="bbox 217 2691 996 2728; baseline 0.005 -10"><span class='ocrx_word' id='word_1_798' title='bbox 217 2692 318 2726; x_wconf 75' lang='lat' dir='ltr'><strong>giarcnt</strong></span> <span class='ocrx_word' id='word_1_799' title='bbox 332 2700 339 2718; x_wconf 90' lang='lat'><strong><em>:</em></strong></span> <span class='ocrx_word' id='word_1_800' title='bbox 355 2691 401 2719; x_wconf 80' lang='lat' dir='ltr'><strong>sed</strong></span> <span class='ocrx_word' id='word_1_801' title='bbox 426 2691 533 2719; x_wconf 79' lang='lat' dir='ltr'><strong>fortuna</strong></span> <span class='ocrx_word' id='word_1_802' title='bbox 548 2693 667 2720; x_wconf 86' lang='lat' dir='ltr'><strong>contenti</strong></span> <span class='ocrx_word' id='word_1_803' title='bbox 685 2699 788 2720; x_wconf 87' lang='lat' dir='ltr'><strong>mature</strong></span> <span class='ocrx_word' id='word_1_804' title='bbox 809 2701 840 2720; x_wconf 82' lang='lat' dir='ltr'><strong>ae</strong></span> <span class='ocrx_word' id='word_1_805' title='bbox 856 2702 934 2728; x_wconf 87' lang='lat' dir='ltr'><strong>quam</strong></span> <span class='ocrx_word' id='word_1_806' title='bbox 950 2703 996 2722; x_wconf 86' lang='lat' dir='ltr'><strong>or-</strong></span> 
     </span>
    </p>
   </div>
   <div class='ocr_carea' id='block_1_87' title="bbox 1054 2697 1830 2740">
    <p class='ocr_par' dir='ltr' id='par_1_87' title="bbox 1054 2697 1830 2740">
     <span class='ocr_line' id='line_1_87' title="bbox 1054 2697 1830 2740; baseline 0.008 -17"><span class='ocrx_word' id='word_1_807' title='bbox 1054 2697 1171 2724; x_wconf 75' lang='grc' dir='ltr'><strong>Πιοικὲἰν</strong></span> <span class='ocrx_word' id='word_1_808' title='bbox 1188 2699 1208 2714; x_wconf 85' lang='grc'><strong>¹⁶</strong></span> <span class='ocrx_word' id='word_1_809' title='bbox 1221 2699 1396 2736; x_wconf 49' lang='grc' dir='ltr'><strong>διακειμένην</strong></span> <span class='ocrx_word' id='word_1_810' title='bbox 1411 2701 1617 2737; x_wconf 59' lang='grc' dir='ltr'><strong>καταλαμβάνει</strong></span> <span class='ocrx_word' id='word_1_811' title='bbox 1631 2704 1764 2740; x_wconf 53' lang='grc' dir='ltr'>γέφυριν.</span> <span class='ocrx_word' id='word_1_812' title='bbox 1779 2703 1830 2731; x_wconf 43' lang='lat' dir='ltr'><strong>ET:</strong></span> 
     </span>
    </p>
   </div>
   <div class='ocr_carea' id='block_1_88' title="bbox 736 2751 1307 2788">
    <p class='ocr_par' dir='ltr' id='par_1_88' title="bbox 736 2751 1307 2788">
     <span class='ocr_line' id='line_1_88' title="bbox 736 2751 1307 2788; baseline 0.012 -7"><span class='ocrx_word' id='word_1_813' title='bbox 736 2751 835 2782; x_wconf 75' lang='lat' dir='ltr'><strong>Vat-ite</strong></span> <span class='ocrx_word' id='word_1_814' title='bbox 859 2752 1013 2786; x_wconf 76' lang='lat' dir='ltr'><strong>lectiones</strong></span> <span class='ocrx_word' id='word_1_815' title='bbox 1029 2764 1068 2787; x_wconf 79' lang='lat' dir='ltr'><strong>ex</strong></span> <span class='ocrx_word' id='word_1_816' title='bbox 1087 2756 1156 2788; x_wconf 86' lang='lat' dir='ltr'><strong>cod.</strong></span> <span class='ocrx_word' id='word_1_817' title='bbox 1172 2757 1307 2788; x_wconf 86' lang='lat' dir='ltr'><strong>Coislin.</strong></span> 
     </span>
    </p>
   </div>
   <div class='ocr_carea' id='block_1_89' title="bbox 256 2799 719 2837">
    <p class='ocr_par' dir='ltr' id='par_1_89' title="bbox 256 2799 719 2837">
     <span class='ocr_line' id='line_1_89' title="bbox 256 2799 719 2837; baseline 0.011 -14"><span class='ocrx_word' id='word_1_818' title='bbox 256 2799 277 2814; x_wconf 81' lang='lat'>”</span> <span class='ocrx_word' id='word_1_819' title='bbox 295 2799 508 2834; x_wconf 72' lang='grc' dir='ltr'><strong>φθινοπωρινήν.</strong></span> <span class='ocrx_word' id='word_1_820' title='bbox 550 2801 570 2817; x_wconf 81' lang='grc'>¹⁸</span> <span class='ocrx_word' id='word_1_821' title='bbox 587 2801 719 2837; x_wconf 67' lang='grc' dir='ltr'><strong>Πιῢηκᾶν,</strong></span> 
     </span>
    </p>
   </div>
  </div>
