1854 3029
81 190 158 223 1169

75 249 130 274 καὶ
162 247 319 282 ἐξήνεγκεν.

73 293 219 328 ἑσπερίων
244 293 293 320 καὶ
317 294 394 330 ἑῴων
417 297 586 333 ἀποθέμενος
607 302 767 336 φροντίδος,
799 305 868 338 πρὸς

73 339 111 364 τὸ
136 339 396 377 πνευματικώτερω
422 342 521 370 ἑαυτὸν
546 346 694 374 ἐπέτεινεν.
744 348 786 375 Ἐν
802 351 868 376 πᾶσι

74 384 134 418 γὰρ
149 383 205 410 τῶν
231 385 362 413 ἁπάντων
385 388 516 423 ἐκράτει·
542 391 571 417 ἐν
588 391 680 427 λόγοις
703 393 869 428 διδακτικοῖς

71 429 143 461 τοὺς
159 430 223 465 περὶ
238 430 318 465 λόγον
340 433 541 468 ἐσπουδακότας
555 439 635 465 ἐνίκα
648 448 655 455 ·
675 441 705 466 ὲν
722 441 825 476 μάχαις
840 443 868 469 δὲ

73 477 127 503 καὶ
145 479 325 514 στρατηγίαις
339 481 395 508 τῶν
413 482 443 509 ὲν
457 483 550 516 ὅπλοις
573 486 787 523 θαυμαζομένων
803 490 869 516 ὑπε-

73 525 180 558 ρεῖχεν.
191 524 234 557 Ὠς
247 525 276 552 δὲ
292 526 309 553 ἡ
326 527 380 554 τῶν
399 529 555 564 Βογομίὶων
567 532 723 568 ἁπανταχοῦ
744 535 794 570 ἤδη
811 536 867 562 διέ-

73 578 186 616 σπαρτο
201 573 291 606 φήμη.
308 572 448 606 Βασίλειος
460 576 515 611 γάρ
526 585 568 608 τις
582 580 698 614 μοναχὺς
712 581 821 609 ὠδύνων
833 583 867 616 ³⁷,

71 614 184 662 ᾂὼδεκα
213 618 264 652 μὲν
292 618 362 654 ἔχων
391 621 527 657 μαθητὰς,
554 624 601 655 οὖς
626 627 673 652 καὶ
699 614 867 662 ἀποστόλους

70 661 217 697 ὠνόμαζε,
239 666 474 702 συνεφελκόμενος
500 669 529 695 δὲ
553 671 600 697 καὶ
626 672 781 708 μαθητρίας
804 661 866 705 τινα

73 708 181 757 γιξναια
197 712 322 746 κακοήθη
337 713 383 738 καὶ
397 715 579 751 παμπόνηρα,
597 718 743 754 ὲφήπλωσε
757 722 807 757 τὴν
820 731 867 750 κα‹

79 755 148 805 οιίαν
165 756 341 805 Δᾶπαντιιιχιιῶ.
368 759 422 786 Καὶ
447 761 547 794 πολλὰς
570 763 659 799 ψυχὰς
684 766 763 802 δίκην
781 755 867 805 πυρὸς

70 801 243 837 ἐπενείματο
256 804 285 830 τδ
298 806 394 837 κακὸν,
411 807 461 833 οὐκ
490 808 614 844 ἠνείχετο
636 812 651 846 ἡ
671 812 718 838 τοῦ
734 801 874 848 βασιλέωςΔ

70 847 152 896 ψυῖίή
165 857 172 864 -
192 849 230 884 τῷ
244 859 286 896 τοι
302 852 349 877 καὶ
362 852 487 888 διερευνᾷ
513 855 547 880 τὰ
563 857 627 891 περὶ
643 858 692 893 τῆς
719 847 863 896 αἱρέσεως

70 893 124 919 καί
137 903 210 925 τινες
221 895 276 921 τῶν
298 897 456 932 Βογομζλων
479 901 521 931 είς
536 901 570 927 τὰ
593 896 731 939 ἀνάκτορα
752 893 864 942 -ἦγοντοι

70 939 217 972 Ἀπαντες
232 941 259 968 δὲ
276 942 415 970 Βασίλειὸν
430 947 688 982 τιναβατήγγελὶον
705 939 866 981 διδάσκαλον

70 987 124 1013 καὶ
147 989 296 1021 κορυφαῖον
324 991 522 1025 πρωτοστάτην
543 993 592 1027 τῆς
618 995 804 1033 Βογομιὶικῆς
820 1001 865 1027 αἱ·

70 1033 192 1066 ρέσεως,
213 1035 260 1060 Ἐκ
274 1035 380 1063 τούτων
408 1037 437 1063 δὲ
454 1038 595 1072 Διῦλάτιός
613 1050 655 1072 τις
675 1046 866 1079 κατασχεθεὶς,

69 1079 137 1106 ἐπεὶ
153 1080 332 1116 ἐρωτώμενος
345 1082 522 1118 ἀνομολογςτῖν
539 1087 589 1113 οὐκ
602 1087 742 1121 ἠϐούλετο,
761 1092 867 1125 αἰκίαις

70 1125 252 1158 παραδοθεὶς,
285 1128 436 1162 τηνικαῦτα
462 1129 507 1156 τὸν
542 1130 689 1166 λεγόμενον
724 1134 866 1165 Βασίλειον

70 1170 256 1206 ἀνωμολὸγει,
276 1173 323 1199 καὶ
340 1173 386 1206 οὒς
401 1175 504 1207 ἐκεῖνος
522 1178 734 1213 προύχειρίσατο
749 1181 867 1210 ἀποστό-

70 1216 151 1249 λους.

705 201 912 234 ALEXIADIS
935 205 1008 234 Lill.
1036 208 1097 237 XV.

1642 212 1707 247 ii'i‘)

356 250 484 302 ’ΔπαρτιΔ
496 256 553 302 γὰρ
581 252 613 280 τὸ
639 254 707 282 πολῦ
737 257 786 292 τῆς
816 258 871 285 τῶν
884 258 908 288 Α
923 267 973 293 gna
990 270 1087 289 murnu

964 269 973 288 ι
990 270 1128 290 murmure
1144 265 1356 298 susurrantium,
1378 265 1458 293 homo
1471 266 1628 301 Bugmnilus
1643 276 1696 302 est,

921 307 970 334 sub
984 307 1037 336 ista
1053 309 1118 336 mibi
1130 310 1220 344 specie
1231 310 1349 345 lupinam
1362 311 1434 339 intus
1450 313 1578 348 obtegens
1593 315 1706 343 rabiem.

921 352 997 381 Hanc
1015 359 1116 382 sectam
1132 356 1252 384 tenebris
1268 357 1320 384 illis
1339 357 1405 391 ipsis
1428 363 1454 384 et
1478 359 1705 392 dissinmlationr.

920 399 997 432 cuius
1020 400 1131 426 obtentu
1156 400 1242 428 latens
1268 401 1377 436 impune
1406 403 1592 437 grassabatur,
1610 412 1642 430 eo
1658 412 1707 430 no-

920 446 1070 473 centiorem
1096 447 1242 482 minusque
1269 447 1438 475 tolerabilem
1467 454 1544 482 paler
1569 450 1642 477 velut
1665 450 1708 477 in-

920 497 1045 520 cantator
1064 493 1172 527 sapiens
1198 499 1351 528 serpentem
1378 499 1506 526 astulam,
1535 503 1566 522 ex
1590 504 1657 522 cavo
1675 504 1707 523 ac

919 546 1000 574 specu
1016 545 1071 566 tuta
1086 539 1250 567 carminibus
1274 540 1344 568 velut
1368 542 1528 575 quibusdam
1554 542 1646 569 elicuit
1679 543 1706 570 in

919 585 1063 620 lucemque
1079 586 1203 620 protulit.
1218 585 1321 621 Nempe
1337 594 1398 613 cuin
1414 591 1453 614 tot
1478 588 1558 614 rebus
1575 596 1606 614 ac
1625 589 1707 616 tantis

918 633 1003 668 gestis
1017 638 1132 666 urgente
1144 633 1240 660 morbo
1251 640 1283 659 ac
1299 633 1375 660 senio
1391 633 1527 667 paululum
1544 641 1573 662 sc
1587 635 1708 661 reiaan-

918 683 959 706 ενι
976 686 991 705 a
1008 679 1082 705 curis
1098 678 1262 713 reipublic-ae,
1275 678 1357 714 487
1375 679 1502 713 pleraque
1534 680 1707 707 orientalium

918 731 946 753 et
960 725 1135 752 occiduorum
1153 729 1290 751 tractuum
1303 725 1542 753 administratione
1557 726 1616 753 (ldis
1632 734 1707 753 com-

919 771 1057 803 mendata,
1081 771 1140 806 ipse
1165 771 1247 798 homo
1271 775 1389 798 actuosa:
1408 771 1518 804 indolis,
1534 772 1578 806 qni
1602 777 1708 800 mutare

919 818 1122 852 occupationem
1136 824 1190 844 non
1204 817 1331 844 omittere
1343 822 1442 851 posset,
1453 817 1486 845 ad
1498 825 1541 846 res
1552 819 1708 853 spirizuales

919 868 946 892 et
961 864 1100 899 religionis
1117 871 1208 891 curam
1225 863 1351 890 intendit.
1369 864 1457 899 Atque
1473 869 1502 891 ut
1518 869 1577 891 erat
1601 865 1626 891 in
1646 872 1709 892 om-

883 929 905 959 Β
920 912 1000 938 nibus
1022 918 1082 944 quae
1106 914 1199 944 ageret
1221 909 1368 943 excellens,
1401 917 1482 944 supra
1499 917 1594 937 omnes
1619 910 1663 943 qui
1681 911 1707 937 id

919 959 1008 992 ipsum
1024 957 1104 984 unice
1128 956 1342 989 meditarentur;
1370 956 1527 991 pariterque
1544 957 1570 983 in
1593 957 1706 984 docendi

916 1002 1057 1034 facultate,
1077 1009 1109 1029 ac
1128 1001 1282 1036 disputandi
1307 1006 1362 1028 tum
1378 1001 1530 1028 subtilitate
1554 1006 1608 1028 tum
1624 1001 1706 1028 uber-

919 1054 974 1076 tate
1016 1048 1161 1081 magistros
1196 1046 1593 1081 exercitatis-times;[pariter
1621 1047 1706 1073 duces

915 1094 1034 1129 optimos
1049 1101 1080 1120 ac
1101 1093 1310 1128 probatissimos
1337 1093 1374 1120 rei
1399 1093 1526 1120 militaris
1547 1098 1605 1120 arte
1621 1094 1704 1123 omni.

917 1139 1114 1175 prteliandique
1131 1139 1172 1166 vcl
1188 1139 1289 1166 virtute
1306 1138 1348 1166 vel
1363 1139 1496 1166 industria
1521 1144 1581 1173 post
1604 1147 1633 1165 se
1663 1146 1707 1166 re-

921 1186 1075 1220 linqueret;
1093 1185 1175 1212 etiam
1191 1185 1218 1211 in
1234 1184 1331 1211 horum
1355 1184 1558 1220 Bognmilorum
1583 1186 1709 1218 coniura-

922 1232 994 1258 tione
1009 1235 1103 1258 conlra
1119 1229 1270 1257 Ecclesium
1292 1229 1396 1257 nefaria
1426 1230 1588 1265 indaganda,
1615 1229 1709 1264 profe-

70 1264 172 1296 renda,
187 1264 394 1300 exstinguenda,
410 1274 520 1302 operam
554 1276 635 1304 supra
646 1279 741 1300 omnes
757 1276 868 1304 navavit
881 1284 913 1305 ac
925 1276 1125 1304 commendavit
1140 1283 1227 1303 suam.
1244 1274 1298 1302 Res
1312 1275 1339 1302 in
1352 1275 1424 1303 hunc
1434 1264 1543 1303 modum
1561 1283 1590 1303 se
1604 1275 1710 1302 habuit.

71 1308 177 1336 Multus
191 1310 317 1359 adluebat
332 1320 422 1341 sermo
436 1316 555 1350 umtique
571 1318 603 1344 de
618 1318 775 1354 Bogomilis,
789 1330 939 1359 eorumque
953 1332 1021 1352 nova
1035 1327 1122 1356 secta,
1146 1327 1173 1350 et
1189 1323 1370 1358 profectibus.
1396 1323 1434 1351 Ea
1457 1324 1528 1350 fama
1557 1323 1710 1351 invaluerat

71 1363 163 1406 ενεο
179 1358 249 1391 quod
265 1358 381 1387 Basilius
398 1361 508 1396 quidam
526 1365 675 1393 monachus
694 1367 861 1402 impietatem
881 1358 960 1398 istam
984 1372 1042 1406 ipse
1059 1371 1151 1397 animo
1168 1375 1337 1404 conceptam,
1364 1378 1418 1404 quo
1445 1371 1579 1405 proferret
1606 1372 1708 1399 circum

71 1401 219 1456 latissime,
233 1405 374 1456 duodecim
393 1409 444 1436 sibi
469 1410 616 1446 discipulos
638 1413 812 1450 adjnnxeret,
839 1426 908 1452 quos
938 1423 965 1445 et
981 1418 1121 1452 apostolos
1148 1419 1302 1445 nmninarat
1328 1427 1334 1445 :
1363 1418 1473 1445 trahens
1500 1425 1563 1445 cum
1591 1419 1656 1453 ipsis
1681 1424 1709 1447 et

71 1452 234 1502 discipulas,
259 1454 432 1502 mulierculas
449 1465 594 1492 pravortnn
612 1467 718 1488 morum
735 1469 766 1489 ac
783 1464 864 1498 plane
889 1465 1001 1500 perditae
1020 1465 1166 1500 nequitiae;
1196 1465 1292 1492 borum
1309 1465 1469 1492 dimissione
1485 1472 1708 1500 quoquoversum

71 1500 244 1548 ittipietatem
260 1500 458 1548 incredibiliter
472 1506 630 1540 propagavit
646 1515 735 1540 suam,
750 1509 887 1538 ﬂammam
902 1519 1075 1547 quocumque
1091 1520 1122 1540 ac
1130 1503 1238 1548 [pestem
1256 1512 1401 1539 animabus
1416 1513 1535 1544 miseris,
1554 1513 1630 1547 ignea
1653 1514 1708 1540 cir-

71 1551 139 1593 culm
157 1544 310 1593 velocitate,
330 1547 430 1575 ferens.
449 1549 496 1577 His
511 1552 660 1584 imperator
673 1555 794 1589 acceptis
807 1564 860 1584 non
877 1558 966 1585 tenuit
985 1565 1024 1591 se,
1041 1566 1090 1593 pro
1117 1565 1149 1585 eo
1170 1566 1223 1592 quo
1240 1558 1355 1585 interius
1379 1559 1438 1592 eius
1463 1558 1570 1586 aninms
1596 1560 1709 1587 ardebat

73 1587 137 1637 αιιίο
153 1589 260 1637 sincero
276 1592 320 1618 Dei
337 1593 441 1627 sior-ite,
457 1596 603 1629 quominus
618 1599 746 1626 omnibus
761 1601 883 1636 vestigiis
900 1607 982 1629 sectae
997 1587 1097 1629 cubilia
1111 1603 1181 1630 clam
1203 1603 1340 1629 nascentis
1365 1602 1515 1637 indagaret.
1540 1604 1604 1630 Dnci
1621 1604 1653 1630 ad
1673 1613 1703 1631 se

72 1634 103 1660 in
121 1635 257 1668 palatium
274 1639 381 1665 curavit
396 1640 529 1673 quosdam
545 1648 560 1668 e
577 1641 735 1676 Bogomilis.
754 1645 882 1672 Omnium
897 1652 957 1673 erat
984 1647 1157 1674 Consentiens
1186 1647 1328 1681 responsio
1354 1647 1502 1680 praesidere
1532 1649 1580 1675 toti
1609 1642 1708 1676 interea:

71 1681 207 1709 Basilium
225 1683 306 1710 istum
322 1685 400 1718 plane
416 1687 589 1720 coryphaeum
605 1695 686 1716 sectas
701 1691 784 1718 totius
795 1699 827 1718 ac
839 1691 919 1728 longe
936 1693 1099 1728 principem,
1115 1694 1308 1728 ductoremque
1321 1700 1468 1721 summum.
1483 1693 1542 1727 Quo
1554 1694 1709 1722 distinctior

76 1730 228 1758 haberetur
245 1732 282 1759 rei
297 1733 416 1767 cognitio
433 1734 525 1767 totius,
542 1734 675 1764 Diblatius
690 1745 705 1765 e
720 1737 868 1773 Bogomilis
885 1746 979 1775 Captus
993 1741 1102 1775 quidam
1128 1746 1182 1772 est.
1208 1749 1239 1768 ac
1263 1742 1390 1775 quoniam
1408 1745 1502 1775 sponte
1529 1741 1606 1769 fateri
1628 1749 1708 1769 recu-

72 1779 168 1810 Snbal,
184 1779 332 1813 quaestioni
349 1780 490 1815 subjectus
505 1783 594 1817 quoad
606 1783 758 1812 declararet
773 1787 832 1821 quis
846 1792 874 1815 et
887 1788 930 1816 ubi
945 1793 1019 1816 esset
1034 1789 1086 1816 iste
1101 1788 1230 1821 Basilius,
1254 1787 1356 1823 quique
1373 1787 1491 1815 ordinati
1521 1788 1555 1815 ab
1576 1795 1610 1816 eo
1632 1788 1706 1817 fcre-

73 1827 176 1852 L-antur
192 1825 318 1859 apostoli.

110 1871 208 1897 Τοίνυν
229 1871 279 1906 τὴν
293 1871 390 1899 τούτου
421 1873 588 1910 ἀναζήτησιν
619 1877 733 1909 πολλοὺς
750 1879 764 1904 ὁ
781 1880 842 1907 αὐτο

972 1883 1102 1918 ompertis
1118 1883 1170 1911 rite
1198 1882 1324 1910 omnibus
1350 1882 1455 1909 dimissi
1483 1881 1516 1908 ab
1543 1881 1704 1917 imperatore

70 1917 186 1953 xpirwp
207 1917 318 1945 ἀνέθετο
332 1926 338 1934 ·
356 1919 403 1945 καὶ
420 1920 491 1954 δῆτα
516 1922 695 1956 ἀναφαίνεται
709 1925 757 1951 τοῦ
774 1926 861 1953 Σατα-

69 1963 143 1998 ναὴλ
173 1965 386 2000 ἀρχισατράπης
414 1965 564 2000 Βασίλειος,
589 1969 619 1995 τὸ
649 1970 748 2005 ἔνδυμα
779 1980 863 2006 μονα-

39 2002 45 2029 ῗ
70 2009 132 2044 χὸς,
147 2010 345 2044 κατεσκληκὼς
359 2011 389 2037 τὴ
405 2012 561 2047 πρόσωπον,
577 2015 627 2049 τὴν
647 2015 754 2051 ὑπήνην
774 2017 862 2051 ψιλὸς,

44 2075 46 2077 .
71 2056 199 2090 εὐμήκης
214 2056 262 2090 τὴν
291 2056 411 2091 ἠλικίαν,
438 2058 686 2093 πολυτροπώτατος
703 2064 863 2099 μεταχειρί-

71 2102 175 2130 σασθαι
190 2102 238 2137 τὴν
249 2103 388 2146 ἀσέϐειαν.
402 2105 455 2131 Καὶ
471 2105 571 2132 αὐτίκα
597 2108 611 2133 ὁ
627 2108 819 2145 αὐτοκράτωρ,
832 2110 863 2137 τδ

72 2150 242 2184 ἐνδομυχοῦν
269 2149 372 2176 ἐθέλων
399 2152 561 2187 παρασύραι
575 2155 636 2184 ταῖς
652 2155 862 2189 πειθανάγκαις,

71 2196 269 2231 μετακαλεῖται
285 2197 330 2223 τὸν
343 2197 426 2231 ἄνδρα
442 2198 502 2232 μεθ’
518 2199 574 2226 οἵου
590 2202 800 2237 ’προτχήματος⁸
815 2204 863 2231 καὶ

68 2241 127 2276 γὰρ
147 2242 194 2268 καὶ
212 2241 308 2268 θώκων
325 2242 499 2279 ὑποξανέστη
513 2245 534 2260 ³⁸
549 2245 635 2281 αὐτῷ,
655 2247 702 2274 καὶ
728 2248 863 2283 καθέδρας

71 2287 227 2321 μετέδωκε,
248 2288 294 2314 καὶ.
310 2289 452 2324 τραπέζης
474 2289 525 2325 τῆς
543 2292 641 2326 αὐτῆς,
661 2293 710 2320 καὶ
729 2293 794 2329 ὅλην
810 2295 859 2330 τὴν

69 2334 174 2369 ὁρμιὰν
193 2334 242 2368 τῆς
260 2334 346 2368 ἄγρας
362 2335 437 2370 αὑτῴ
452 2338 633 2372 κατεχάλασε,
659 2340 706 2366 καὶ
729 2340 760 2367 τὸ
779 2341 861 2375 ἄγκι-

69 2388 154 2415 στρον
170 2381 336 2416 περιπείρας
353 2382 537 2416 παντοδαποῖς
556 2385 678 2412 δελέεσσι
688 2387 710 2403 ³’
726 2387 765 2422 τῷ
779 2397 858 2422 παμ-

69 2427 154 2462 φάγῳ
168 2427 255 2463 τούτῳ
272 2429 349 2464 κήτει
371 2429 508 2464 παρέσχεν
524 2431 671 2465 ἐμφαγεῖν,
691 2433 738 2459 καὶ
757 2434 817 2461 ὅλον
830 2434 860 2461 τὸ

69 2473 220 2508 φάρμακον
239 2474 280 2509 τῷ
297 2475 408 2510 μοναχῷ
425 2475 514 2510 τούτῳ
530 2477 577 2503 καὶ
597 2477 727 2513 πολλαχῷ
741 2479 791 2513 τὴν
809 2488 859 2506 κα-

69 2519 135 2545 κῑαν
160 2518 252 2554 φέρων
276 2520 366 2554 ἐνέχει
391 2520 437 2547 διὰ
465 2521 602 2548 παντοίων
639 2523 858 2559 ὑποκρινόμενος

915 1935 1134 1962 quoquoversum
1149 1927 1257 1963 plurimi
1275 1931 1348 1961 sunt,
1374 1927 1420 1962 qui
1448 1926 1563 1954 latentes
1588 1928 1706 1956 investi-

914 1978 1010 2008 gerent
1028 1974 1131 2000 erroris
1144 1978 1271 2000 auctores
1298 1981 1330 2000 ιιο
1356 1977 1496 2007 caperent.
1520 1973 1621 2000 HOI‘UIII
1640 1982 1705 2001 ειιηι

914 2019 1127 2053 emnprehcnsus
1152 2020 1259 2047 tandem
1281 2022 1322 2046 est
1341 2019 1492 2046 Satanaelis
1518 2020 1705 2054 arcliisatrapa

914 2065 1042 2096 Basilius,
1059 2070 1134 2092 veste
1149 2065 1309 2096 monacbns,
1325 2066 1507 2092 exterminata
1524 2066 1601 2097 facie,
1619 2066 1702 2093 barba

916 2120 986 2144 rara,
1002 2113 1083 2140 homo
1101 2113 1126 2139 in
1141 2112 1257 2146 strigosa
1285 2111 1371 2138 macie
1389 2112 1554 2146 prtelongus,
1578 2116 1605 2139 at
1631 2112 1705 2140 mille

915 2158 1062 2185 instructus
1075 2157 1178 2184 artibus
1192 2158 1224 2184 ad
1243 2157 1332 2184 fucum
1357 2156 1522 2189 iaciendum,
1546 2163 1703 2192 sectamque

915 2204 1058 2236 impuram.
1072 2210 1153 2238 quam
1175 2203 1362 2236 proﬁtebatur,
1388 2203 1640 2230 commendandam.
1664 2203 1703 2230 Ex

915 2249 966 2276 hoc
982 2249 1128 2283 imperator
1139 2248 1272 2276 eblandiri
1295 2256 1425 2275 arcanum
1448 2249 1576 2280 coitionis
1592 2249 1703 2276 clancu-

915 2295 988 2321 l..ri:e
1013 2302 1074 2321 cum
1097 2293 1294 2326 constituisset,
1323 2300 1503 2328 opportunum
1524 2302 1577 2322 non
1598 2295 1704 2329 putavit

913 2341 1004 2368 odimn
1038 2345 1065 2367 et
1094 2340 1269 2368 acerbitatem
1299 2341 1386 2374 primo
1415 2346 1526 2375 aspectu
1559 2341 1701 2375 pra‘i‘erre.

914 2386 983 2419 Quin
1008 2386 1099 2420 potius
1128 2385 1232 2412 liberali
1262 2384 1351 2412 fronte
1382 2386 1517 2413 demulcet
1538 2387 1701 2414 accersitum

914 2432 1068 2463 liolninem,
1097 2431 1245 2465 olﬁciisque
1269 2431 1364 2458 invitat
1415 2433 1487 2459 ultro
1517 2441 1524 2460 :
1554 2440 1700 2467 assurgens

912 2478 1041 2509 venienti,
1054 2476 1227 2510 assidereque
1239 2476 1289 2503 sibi
1304 2476 1402 2509 jubens
1413 2497 1421 2510 ,
1437 2482 1493 2504 tum
1508 2478 1588 2505 etiam
1602 2486 1700 2506 mensa:

913 2532 1005 2552 secum
1025 2523 1104 2558 regiae
1122 2522 1259 2550 comnumi
1276 2523 1400 2550 accubitu
1426 2523 1562 2558 dignatus.
1593 2525 1638 2552 Sic
1665 2525 1699 2551 li-

71 2564 199 2601 μαθητὴς
217 2566 292 2601 αὐτῷ
309 2566 412 2593 ἐθέλειν
431 2567 578 2600 γενέσθαι·
598 2568 650 2594 οὐκ
680 2554 762 2601 αὐτὸς
775 2554 803 2596 ’τ

966 2579 988 2597 lll
1003 2569 1122 2597 intendit
1135 2573 1218 2596 totam
1234 2569 1352 2603 piscator
1363 2569 1459 2602 scitus,
1472 2575 1499 2597 et
1511 2571 1619 2597 hamum
1637 2570 1698 2597 irri-

72 2611 168 2647 μάνος,
186 2611 256 2638 ἀλλὰ
271 2612 318 2638 καὶ
333 2613 348 2638 ὁ
369 2612 451 2639 αὑτοῦ
471 2613 585 2648 ἁδελφὺς
603 2614 737 2645 Ίσαάκιος
752 2616 765 2642 ό
779 2616 861 2644 σεσα-

70 2656 236 2692 στοκράτωρ
251 2664 257 2670 ”
275 2658 322 2684 καὶ
335 2658 425 2685 πάντα
440 2659 474 2685 τὰ
485 2659 552 2692 παρ’
572 2658 656 2686 αὑτοῦ
672 2660 807 2695 λεγόμενα
819 2662 858 2694 ὡς

67 2702 103 2729 ὲκ
117 2702 192 2735 θείας
219 2703 312 2738 ὀμφῆς
335 2703 493 2738 λογίζεσθαι
516 2705 564 2731 καὶ
582 2705 707 2732 ὑπείκειν
727 2706 815 2740 τούτῳ
830 2708 860 2733 ἐν

69 2748 166 2780 πᾶσιν,
182 2749 206 2774 εί
224 2748 304 2784 μόνον
318 2750 368 2783 τὴν
379 2751 427 2785 τῆς
440 2750 530 2784 ψυχῆς
546 2750 621 2786 αὑτῷ
636 2752 773 2787 σωτηρίαν
789 2761 857 2787 πρα-

67 2794 253 2830 γματεύσαιτο
279 2795 293 2822 ὁ
322 2795 451 2828 κάκιστος
463 2796 619 2829 Βασίλειος,
646 2797 702 2825 Καὶ
718 2797 776 2832 ἐγὼ
788 2798 857 2832 μὲν,

908 2621 984 2643 tante
1015 2617 1080 2642 varii
1103 2614 1211 2651 generis
1237 2616 1376 2649 praeﬁxum
1404 2622 1485 2648 esca,
1513 2616 1603 2642 voraci
1635 2616 1698 2644 huic

909 2662 1008 2697 objecit
1023 2668 1097 2695 ceto;
1113 2669 1146 2689 ac
1161 2669 1214 2697 quo
1231 2662 1365 2689 illecebris
1377 2661 1503 2689 omnibus
1520 2661 1694 2695 pharmacum

909 2708 946 2735 ita
963 2707 1097 2739 condiret,
1119 2712 1150 2735 ut
1164 2707 1190 2735 id
1210 2707 1347 2734 solitarius
1374 2706 1425 2733 iste
1449 2705 1616 2740 plurifarins,
1636 2714 1697 2734 ver-

907 2759 985 2781 sutus
1002 2754 1046 2781 hic
1067 2754 1179 2788 inquam
1201 2759 1227 2780 et
1249 2757 1384 2781 emunctae
1409 2751 1520 2779 malitiae
1545 2753 1698 2781 monachus

907 2799 1053 2826 exsorbere
1066 2799 1206 2827 induceret
1218 2798 1245 2827 in
1257 2800 1386 2832 animum,
1395 2805 1456 2826 sese
1467 2798 1518 2833 ipsi
1531 2797 1694 2833 discipulum

603 2865 704 2896 Caroli
718 2865 880 2897 Dufresnii
892 2866 940 2897 Du
955 2865 1063 2906 Cangii
1079 2870 1175 2897 noue.

105 2925 128 2942 "
144 2924 387 2962 πολυτροπώτατος
403 2927 647 2963 μεταχειρίταπθαι
662 2928 711 2965 τὴν
728 2927 885 2965 Βογομίλων
903 2927 1048 2974 ἀσέῦειαν..
1082 2928 1105 2946 ³⁸
1118 2925 1300 2972 ὑπεξανέστη.
1343 2928 1365 2949 υ
1378 2926 1499 2957 δελέασι.
1597 2922 1649 2954 μί”η
