1854 3029
82 197 158 229 1173

691 198 898 229 ALEXIADIS
918 198 992 229 LIB.
1014 199 1073 229 XV.

1644 193 1712 225 1174

77 255 148 288 γὶας
159 253 269 289 ἐχώρει,
278 253 325 281 καὶ
341 253 408 289 πρὸς
421 253 476 289 πῦρ
485 253 532 280 καὶ
545 253 681 289 μάστιγας
694 254 742 281 καὶ
760 263 809 289 μυρ

979 254 1048 282 uitiis
1062 254 1175 281 facultas
1193 253 1274 286 nulla;
1292 261 1352 280 cum
1368 253 1537 280 abundarent
1553 251 1586 278 ad
1601 251 1711 278 conv'c-

78 301 220 332 θανάτους
243 299 517 336 ἀντιπαρατάξασθαι
538 299 873 335 ὑπισχνεῖτο.Πεπιστεύ-

81 356 153 374 κασι
175 347 230 382 γὰρ
251 347 275 373 οἱ
307 346 479 382 πλανώμενοι
506 343 582 374 οὗτοι
611 347 755 381 Βογόμιλοι
781 347 874 373 πᾶσαν

81 393 197 424 ἀπόνως
212 393 375 427 ὑπενεγκεῖν
389 393 538 429 τιμωρίαν,
560 393 684 427 ἀγγέλων
701 393 783 428 δῆθεν
794 393 874 427 ἐξαρ-

81 439 228 471 παζόντων
239 439 324 473 αὐτῆς
331 439 381 474 τῆς
393 439 653 474 πυρκαῖᾶ;.[1ολλῶν
664 439 692 466 δὲ
705 439 814 466 πάντων
824 440 875 465 αὑ-

87 485 149 511 τῶν
166 485 213 512 καὶ
225 486 274 520 τὴν
285 485 411 512 ἀσέϐειαν
423 486 614 518 ὀνειδιζόντων,
633 486 679 512 καὶ
693 486 749 512 ὅσοι
764 486 813 520 τῆς
832 486 880 512 αὺ-

82 532 135 557 τοῦ
153 531 290 563 ἀπωλείας
315 531 389 567 αὐτῷ
401 533 642 568 κεκοινωνήκασιν,
660 533 674 558 ὁ
686 532 766 563 αὐτὸς
784 529 818 566 ἦν
826 532 880 558 Βα-

85 577 188 608 σίλειος
203 577 384 613 ἀμετακλινὴς
398 578 544 612 Βογόμιλος
559 577 759 612 γενναιότατος.
783 577 879 604 Καίτοι

85 625 231 658 πυρκαϊᾶς
270 623 472 658 ἀπειλουμένης
504 625 551 651 καὶ
586 624 673 651 ἄλλων
710 623 871 655 κακώσεων,

85 668 178 704 ἀπρὶξ
205 670 252 696 τοῦ
279 670 407 705 δαίμονος
433 670 532 705 εῐχετο,
552 670 599 696 καὶ
622 669 668 696 τὸν
689 669 773 696 αὑτοῦ
790 670 878 696 Σατα-

85 715 159 750 ναὴλ
166 715 341 750 ἡγκαλίζετο.
356 717 533 752 Ἔμφρουρος
543 716 572 742 δὲ
585 715 713 747 πολλάκις
722 715 878 749 γενόμενος,

85 762 140 788 καὶ
159 763 226 797 πρὸς
250 763 298 789 τοῦ
330 763 463 798 βασιλέως
484 763 661 798 πεμπόμενος
676 762 731 791 ,καὶ
749 761 878 792 πολλάκις

85 809 336 843 παρακαλούμενος
350 810 400 845 τὴν
414 809 739 844 ἀσέϐειανέξομόσασοαι,
748 807 879 839 ὡσαύτως

85 852 149 889 εἶχε
159 855 228 890 πρὸς
244 856 292 886 τὰς
309 856 356 883 τοῦ
375 856 506 892 βασιλέως
526 855 726 891 παρακλήσεις.

927 301 1028 328 tionem
1045 300 1248 328 evidentissima
1271 299 1432 327 testimmiia.
1455 298 1538 334 589
1566 297 1635 331 Ergo
1664 297 1711 324 ad-

928 347 1065 375 versarius
1094 346 1193 374 fatendi
1230 346 1419 373 necessitatem
1455 345 1481 371 in
1517 342 1712 378 impudentiam

930 398 1048 425 vertens,
1065 392 1136 427 quod
1163 392 1274 419 inﬁtiari
1291 399 1342 418 non
1369 395 1475 425 poterat
1489 390 1559 417 ultro
1578 388 1714 415 ailirmare

929 438 1056 473 perfricta
1073 438 1178 471 fronte,
1202 445 1234 465 ac
1257 437 1410 465 contumaci
1426 443 1473 463 ore
1503 435 1595 464 multis
1624 433 1713 460 verbis

929 485 1182 512 adstruereinstitit
1201 494 1207 511 :
1226 484 1328 511 addens
1346 490 1407 510 sese
1422 482 1454 509 ad
1471 479 1714 516 propugnationem

928 532 968 560 sui
983 532 1116 566 dogmatis
1133 531 1220 565 ignem
1231 551 1238 562 ,
1253 529 1369 564 flagella,
1389 533 1542 562 mortesque
1556 527 1714 553 innumeras

930 577 1130 612 paratissimum
1157 576 1259 604 subire.
1292 575 1381 603 Causa
1409 579 1469 602 erat
1516 571 1717 609 provocationis

931 623 1043 651 audacis
1076 623 1187 650 insanus
1200 631 1276 649 error
1300 627 1384 650 secta
1404 621 1556 649 communis
1583 619 1717 646 universa

929 670 1141 704 Bogomilorum.
1168 669 1200 695 lli
1230 669 1302 696 enim
1320 668 1392 696 inter
1417 674 1501 702 nugas
1524 669 1635 693 exteras
1651 665 1716 692 illud

930 715 1106 750 persuasione
1122 714 1256 749 pertinaci
1278 713 1450 748 arripuerant
1466 731 1475 744 ,
1503 718 1564 738 sese
1577 710 1718 737 tormentis

931 761 1146 796 quibuscumque
1167 768 1227 794 qua:
1251 761 1315 795 ipsis
1340 759 1408 786 forte
1423 759 1649 787 admoverentur,
1678 755 1719 782 in-

933 808 1012 836 noxie
1027 815 1058 834 ac
1071 808 1129 834 sine
1152 814 1234 833 sensu
1260 806 1447 834 defuncturos.
1469 803 1572 838 angelis
1595 801 1719 829 videlicet

931 857 1031 888 praesto
1050 852 1147 879 futuris
1165 852 1210 886 qui
1229 859 1275 879 eos
1296 851 1337 878 vel
1364 858 1379 877 e
1395 850 1467 886 rogis
1484 847 1642 876 ardentibus
1662 854 1720 874 ma-

86 904 155 926 turo
171 909 285 928 accursu
303 903 391 929 seduli
415 904 598 937 proriperc-nt.
615 902 664 929 llic
685 902 741 936 jam
762 909 815 928 non
839 900 983 929 orthodoxi
1012 900 1099 927 solum
1125 907 1230 931 omnes,
1248 906 1342 926 verum
1358 897 1394 925 illi
1422 898 1504 924 etiam
1522 896 1644 932 plerique
1669 894 1715 928 qui

87 946 198 973 nefario
225 947 287 975 huic
320 948 508 976 lneresiarshae
533 955 593 976 sese
618 949 651 975 ad
683 955 761 976 suam
795 947 942 982 perniciem
970 947 1162 974 dementandos
1194 946 1339 980 aliquando
1368 945 1565 980 permiseram,
1594 940 1723 969 certatim

86 993 235 1028 increpare
258 994 372 1022 delirum
404 999 506 1029 caput,
535 995 687 1029 probi-aque
719 1001 877 1028 congerere.
907 991 954 1020 Illo
985 997 1078 1019 contra
1104 992 1131 1018 in
1162 988 1596 1024 obstinationedcsperatissima
1639 985 1723 1020 planc-

88 1040 265 1074 Bogomilica:
278 1042 456 1071 contumacia:
467 1049 526 1069 sese
547 1042 697 1069 obdurante
710 1041 794 1075 magis
807 1047 839 1069 ac
854 1039 938 1074 Inagis
951 1060 957 1071 ,
974 1039 1131 1072 animosque
1144 1037 1202 1065 illos
1215 1037 1326 1064 stolidos
1341 1044 1372 1063 ac
1384 1037 1518 1063 minarum
1533 1034 1719 1066 malorumque

84 1093 277 1122 contemptum
310 1094 446 1116 ostentare
474 1092 602 1123 pergente
638 1086 912 1114 conﬁdentissinmm.
954 1084 991 1111 Ita
1024 1090 1052 1111 ιιι
1089 1084 1187 1111 fruslra
1218 1084 1272 1119 jam
1305 1083 1355 1118 ipsi
1393 1081 1555 1115 supplicium
1585 1078 1722 1109 incendii.

87 1143 233 1170 pinumque
266 1136 292 1163 id
326 1144 409 1171 genus
450 1135 631 1163 acerbissima:
672 1134 887 1165 intentarentur;
911 1132 1010 1158 οιιιηῑιιι
1053 1131 1109 1162 illo,
1145 1130 1214 1157 malo
1252 1130 1295 1158 cui
1331 1136 1360 1156 se
1404 1128 1543 1154 addixerat
1581 1125 1726 1152 adhmrcns

88 1181 231 1208 mordicus
258 1182 346 1217 genio,
373 1185 530 1215 pestemque
560 1179 720 1207 exosculans
746 1180 903 1213 propriam,
931 1178 971 1205 sui
1008 1184 1037 1204 se
1069 1176 1163 1204 infelix
1188 1183 1202 1203 a
1234 1175 1376 1210 complexu
1404 1173 1555 1201 Satanaelis
1575 1171 1652 1198 avelli
1667 1179 1721 1198 non

88 1228 256 1264 patiebatur.
284 1228 388 1262 Saepius
414 1228 441 1254 in
469 1227 619 1254 custodiant
653 1225 731 1252 datus
761 1230 820 1258 est;
857 1224 955 1258 saepius
981 1223 1129 1251 accersitus
1159 1222 1221 1249 inde
1255 1222 1288 1249 ab
1317 1223 1498 1256 imperatore,
1529 1218 1630 1246 frustra
1659 1225 1724 1244 sua-

89 1279 203 1305 dentem
233 1282 260 1304 et
287 1280 479 1310 provocantem
506 1275 610 1302 audit-it
639 1274 732 1306 illum,
764 1278 794 1300 ut
829 1272 879 1300 sibi
902 1271 1044 1299 consulere
1076 1277 1259 1304 revocareqne
1287 1269 1398 1303 impium
1434 1267 1549 1302 dogma,
1576 1271 1604 1293 et
1635 1265 1732 1292 redire

89 1325 128 1353 ad
156 1324 261 1360 frugem
312 1323 446 1358 fidemque
480 1323 570 1350 vellet.

90 1371 214 1400 rissima.

140 1417 220 1444 Ἀλλὰ
237 1418 267 1444 τὸ
291 1418 357 1453 περὶ
385 1417 479 1444 τοῦτον
497 1416 608 1451 γεγονὸς
623 1415 722 1451 πέρας,
741 1413 778 1450 μὴ
793 1422 881 1448 παρα·
899 1415 919 1442 Β

91 1465 258 1501 δράμωμεν·
271 1464 354 1500 πρινὴ
367 1464 422 1499 γὰρ
434 1464 524 1499 τούτῳ
547 1462 690 1497 ἐπιϐλέψαι
711 1461 756 1488 τὸν
773 1461 886 1497 βασιλέα

92 1511 262 1547 δριμύτερον
292 1510 362 1546 μετὰ
389 1510 439 1545 τὴν
468 1510 518 1545 τῆς
547 1509 675 1540 ἁσεὸείας
697 1508 885 1543 ἑξαγόρευσιν,

93 1557 235 1594 ἀπῄειμεν
247 1558 285 1593 τῷ
300 1557 368 1589 τέως
385 1557 425 1588 εις
445 1557 568 1583 οἰκίσκον
580 1555 641 1582 τινὰ.
656 1555 785 1590 κείμενον
802 1554 887 1589 ἀγχοῦ

93 1615 152 1633 που
176 1605 231 1632 τῶν
259 1604 408 1639 βασιλικῶν
431 1603 592 1638 οἰκημάτων
621 1602 684 1637 ἄρτι
718 1601 835 1636 πρώτως
853 1601 887 1628 δι’

93 1653 182 1681 αὒτδν
197 1651 468 1679 κατασκευασθέντα.
487 1651 608 1686 Ἑσπέρα
617 1649 645 1676 δὲ
659 1648 704 1685 ἦν,
717 1650 763 1676 καὶ
775 1650 799 1675 οἰ
810 1649 889 1675 ἀστέ-

96 1709 148 1735 ρες
162 1700 186 1725 οἱ
209 1699 265 1725 ἄνω
291 1699 401 1733 αἰθρίας
423 1698 508 1732 οὔσης
524 1697 732 1731 ἁπήστραπτον,
751 1696 798 1722 καὶ
812 1696 828 1730 ή
844 1703 889 1722 σε»

95 1746 169 1781 λήνη
187 1743 255 1780 μετὰ
271 1745 381 1771 σύνοδον
397 1744 446 1780 τὴν
468 1743 588 1778 ἑσπέραν
610 1742 717 1777 ἐκείνην
741 1742 886 1777 ὲπύρσευε.

97 1791 156 1818 Τοῦ
176 1791 203 1817 δὲ
219 1790 336 1826 μοναχοῦ
372 1790 422 1824 τὴν
451 1789 549 1816 κέλλαν
571 1788 705 1819 είσδύντος
722 1788 787 1822 περὶ
804 1788 888 1822 μέσας

97 1837 204 1874 νύκτας
216 1836 380 1873 αὐτομάτως
392 1835 462 1860 λίθοι
473 1832 625 1868 χαλαςηδὸν
642 1833 711 1859 κατὰ
727 1834 776 1868 τῆς
790 1832 889 1867 nam;

97 1882 256 1914 ὲὸἀσλλοντο,
283 1880 375 1916 χειρὸς
406 1881 454 1914 μὲν
484 1880 622 1915 μηδεμιᾶς
649 1878 800 1914 ριπτούσης
827 1879 890 1911 τοὺς

97 1930 204 1961 λίθους,
218 1929 285 1964 μηδὲ
300 1937 373 1959 τινος
387 1927 597 1958 καταλιθοῦντος
611 1926 755 1962 ἀνθρώπου
774 1926 819 1953 τὸν
834 1926 891 1953 δαι-

85 1975 220 2020 ἱμονιώδη
235 1975 327 2002 τοῦτον
342 1974 440 2001 ἀσὸἄν.
452 1974 569 2009 Μήνιμα
581 1973 603 2000 δ’
616 1970 662 2009 ἦν,
678 1973 717 2005 ὼς
733 1973 816 2006 ἔοικε,
835 1973 889 1999 τῶν

87 2021 177 2058 ’,ἀμφὶ
207 2021 253 2047 τὸν
286 2019 429 2055 Σαταναὴλ
456 2019 590 2054 δαιμόνων
621 2019 832 2055 ὲξωργισμένων
862 2020 890 2046 ἐν

86 2066 182 2111 amo
197 2065 369 2101 ποιουμένων
383 2066 424 2093 ὄτι
437 2065 468 2101 δὴ
486 2065 520 2093 τὰ
535 2065 603 2100 πρὸς
618 2065 664 2092 τὸν
677 2065 791 2100 βασιλέα
805 2065 890 2100 ἐξωρ-

98 2116 215 2152 χήσατο,
254 2115 301 2141 καὶ
317 2114 437 2148 διωγμὸν
466 2113 538 2139 κατὰ
561 2113 610 2149 τῆς
637 2113 741 2147 πλάνης
763 2112 890 2147 λαμπρον

99 2162 238 2197 ἐπήγαγε.
251 2161 307 2187 Καὶ
327 2159 413 2186 ταῦτα
431 2159 480 2194 μὲν
501 2159 736 2194 Παρασκευῖώτης
754 2159 890 2194 καλούμε-

100 2216 150 2239 νος
174 2206 344 2242 ἀφωρισθεὶς
360 2206 383 2222 ⁸⁸
414 2205 501 2240 φύλαξ
533 2203 604 2232 εἶναι
621 2205 668 2232 τοῦ
698 2205 892 2240 δαιμονιώδους

101 2253 211 2281 ἐκείνου
229 2253 359 2288 γέροντος
385 2253 423 2285 ὡς
442 2253 479 2287 μὴ
500 2252 601 2279 ἄδειαν*
614 2252 689 2287 ἔχειν
714 2252 892 2287 προσομιλεῖν

100 2307 169 2330 τινι,
184 2298 231 2325 καὶ
244 2297 295 2332 τῆς
310 2296 394 2324 αὑτοῦ
409 2297 497 2332 λύμης
514 2296 686 2331 μεταδιδόναι
705 2297 739 2323 τὰ
756 2297 891 2332 φρικωδέ-

103 2353 203 2377 στατα,
221 2344 365 2378 ἐπώμνυτο
385 2343 451 2370 ἰδεῖν
463 2351 494 2369 τε
506 2344 553 2370 καὶ
569 2344 684 2370 ἀκοῦσαι
702 2343 751 2378 μὲν
762 2344 825 2375 ’τοὺς
838 2343 893 2370 τῶν

103 2390 279 2428 βαλλομένων
291 2390 383 2421 λίθους
398 2390 445 2416 καὶ
459 2390 529 2416 κατὰ
544 2391 597 2425 γῆς
617 2390 664 2416 καὶ
677 2390 748 2416 κατὰ
763 2389 894 2425 κεράμων

103 2437 216 2474 κρότον,
247 2437 310 2475 ἰδεῖν
336 2437 364 2463 δὲ
390 2438 513 2471 συνεχεῖς
531 2437 579 2463 καὶ
594 2437 816 2473 ἀλλεπαλλήλους
830 2437 894 2469 τοὺς

103 2483 207 2515 λίθους,
237 2482 338 2523 μηδένα
357 2482 385 2509 δὲ
410 2482 536 2517 μηδαμοῦ
559 2482 606 2508 τὸν
629 2482 760 2516 βάλλοντα
782 2483 895 2514 τούτους

105 2529 269 2568 θεας-ασθαι.
296 2527 525 2563 Συνεπελᾶμϐανε
542 2527 596 2563 γὰρ
610 2529 644 2563 τῇ
657 2528 712 2555 τῶν
724 2528 807 2555 Mva
823 2529 895 2564 φορᾷ

105 2576 155 2602 καὶ
168 2575 280 2612 σεισμός
303 2584 347 2607 τις
358 2575 458 2610 ἀθρόος
474 2575 521 2601 καὶ
533 2575 563 2601 τὸ
578 2575 709 2601 ἐπίπεδον
721 2574 894 2610 ὲκεκλόνητο,

105 2621 157 2648 καὶ
180 2622 215 2649 τὰ
242 2622 308 2657 περὶ
334 2621 379 2648 τὸν
399 2621 499 2657 ὅροφον
519 2615 711 2656 ἐτετρύγεσαν.
742 2621 772 2648 '0
803 2622 896 2656 μέντοι

107 2669 355 2704 Παρασκευῖὠτης,
372 2668 436 2703 πρὶν
457 2668 507 2703 μὲν
527 2667 676 2702 ὑπονοῆσαι
700 2669 730 2694 τὸ
743 2668 824 2703 ἔργον
839 2669 896 2695 δαι-

109 2713 211 2750 μόνιον,
223 2714 348 2750 saepest,
361 2714 399 2745 ὡς
413 2714 517 2746 ἐκεῖνος
530 2714 661 2748 ἔφασκεν·
684 2714 755 2750 ὀρῶν
769 2714 797 2740 δὲ
808 2715 848 2742 ὅτι
872 2714 896 2740 οἱ

615 1322 703 1351 Surda
738 1321 888 1349 cauebatur
920 1322 948 1346 et
983 1322 1021 1345 tot
1060 1318 1129 1345 ictus
1164 1317 1190 1344 in
1220 1316 1315 1344 incude
1346 1315 1527 1350 perdebaatur
1558 1312 1642 1340 inulto
1671 1313 1723 1340 du-

969 1411 1083 1439 luterim
1101 1410 1172 1446 quod
1198 1409 1224 1436 in
1239 1409 1291 1436 hoc
1313 1407 1424 1436 homine
1447 1406 1596 1442 prodigium
1611 1407 1727 1441 conligit

939 1467 991 1485 non
1012 1463 1215 1493 prwtereamns.
1236 1456 1305 1483 Ante
1330 1455 1403 1482 enim
1420 1462 1500 1489 quam
1519 1454 1620 1480 larvam
1642 1453 1725 1487 depo-

937 1505 1038 1532 suisset
1065 1505 1231 1539 imperator;
1257 1511 1305 1534 ac,
1328 1502 1400 1536 quod
1416 1500 1512 1529 deinde
1535 1505 1596 1535 post
1620 1500 1727 1535 penitus

937 1559 1095 1587 expressam
1123 1549 1310 1578 haeresiarchte
1341 1548 1414 1584 pravi
1443 1548 1482 1575 sui
1506 1547 1638 1582 dogmatis
1665 1553 1728 1573 cou-

939 1599 1084 1626 fessionem
1100 1597 1174 1628 fecit,
1193 1596 1303 1630 impiutn
1322 1601 1350 1622 ut
1361 1600 1421 1622 erat
1434 1594 1558 1626 meritus,
1575 1593 1726 1619 minacibus

939 1645 1025 1672 oculis
1055 1648 1081 1671 et
1097 1650 1192 1670 severo
1206 1643 1280 1669 vultu
1292 1646 1366 1668 esset
1378 1640 1529 1672 contuitus,
1545 1640 1592 1666 sed
1611 1640 1726 1666 durante

939 1691 1027 1718 adhuc
1055 1691 1101 1717 illo
1127 1696 1206 1723 quem
1232 1687 1357 1721 superius
1388 1686 1529 1714 retulimus
1559 1692 1705 1718 congressu
1717 1705 1731 1716 ,,

940 1745 999 1764 cum
1010 1737 1065 1771 jam
1082 1736 1204 1771 proferre
1214 1734 1335 1769 quaedam
1346 1742 1378 1761 ex
1394 1732 1501 1760 arcanis
1525 1733 1581 1759 suis
1595 1733 1723 1759 sensibus

940 1783 1056 1818 cepisset
1079 1781 1195 1809 Basilius
1207 1800 1215 1812 .
1229 1781 1347 1808 nondum
1362 1784 1451 1806 tamen
1468 1778 1598 1805 edidisset
1614 1778 1705 1804 omnia
1718 1798 1726 1808 .

940 1830 1054 1865 contigit
1083 1835 1112 1856 ut
1143 1827 1292 1863 recipiente
1322 1834 1351 1854 se
1376 1826 1421 1852 illo
1452 1826 1503 1852 sub
1528 1832 1666 1858 vesperam
1699 1825 1727 1850 iu

941 1870 1130 1903 domunculam
1148 1874 1197 1909 ipsi
1224 1877 1356 1907 paratam,
1385 1878 1417 1897 ac
1433 1871 1459 1897 in
1481 1870 1540 1906 ejus
1565 1878 1645 1896 usum
1673 1870 1729 1903 pri-

941 1929 985 1949 mo
1001 1926 1151 1952 structam,
1185 1927 1267 1955 prope
1294 1919 1382 1953 regias
1404 1917 1475 1945 aedes
1510 1924 1605 1944 serena
1632 1920 1727 1948 nocte,

943 1968 1126 1995 renidentibus
1147 1974 1214 2001 puro
1238 1965 1307 1993 coelo
1334 1963 1440 1996 stellis,
1455 1964 1546 1991 statim
1572 1962 1605 1989 ad
1622 1962 1679 1995 eius
1702 1962 1731 1988 in

942 2023 1000 2041 eam
1028 2015 1123 2042 cellam
1155 2014 1307 2047 ingressum
1334 2012 1406 2038 circa
1422 2015 1528 2037 noctem
1549 2010 1663 2036 mediam
1680 2016 1728 2035 au-

944 2061 1015 2088 ditus
1043 2048 1134 2093 fra'gor
1167 2059 1261 2093 ingens
1279 2056 1453 2092 lapidationis
1476 2057 1568 2082 densae
1591 2054 1732 2089 grandinis

944 2107 1008 2135 ritu.
1026 2106 1159 2133 Volabant
1182 2103 1285 2139 passim
1300 2103 1371 2136 jacta
1389 2109 1453 2129 saxa
1477 2102 1504 2128 in
1528 2100 1622 2128 cellam
1634 2120 1641 2130 .
1657 2100 1732 2127 nulla

939 2154 1059 2188 jaeiente
1074 2159 1164 2184 manu;
1197 2159 1230 2178 ne
1256 2157 1391 2184 quoquam
1412 2147 1587 2182 quantumvis
1609 2147 1728 2173 circuat-

942 2201 1076 2235 spiceret,
1101 2197 1317 2224 animadvertere
1345 2195 1615 2227 valente_auctorem
1654 2192 1730 2220 facti.

943 2245 1076 2272 Nimirum
1098 2244 1179 2270 homo
1199 2242 1308 2276 quidem
1334 2247 1413 2267 netuo
1434 2238 1560 2266 furiatum
1587 2237 1668 2265 istmn
1691 2237 1732 2263 in-

944 2291 1059 2319 festabat
1091 2289 1215 2316 abbatem
1235 2287 1304 2315 :sed
1335 2287 1392 2321 ipse
1407 2294 1467 2313 cum
1486 2285 1542 2312 suis
1565 2283 1731 2311 (iﬂ‘llIOIIilmS

945 2337 1072 2366 Satanael
1103 2335 1164 2363 irati
1193 2334 1296 2362 homini
1327 2333 1397 2367 quod
1434 2332 1457 2358 is
1483 2331 1620 2366 mysteriis
1650 2334 1732 2357 secta:

944 2385 1013 2420 apud
1031 2385 1221 2418 imperatorem
1233 2379 1396 2413 eﬂ'uticndis,
1413 2384 1523 2412 gravem
1536 2378 1561 2403 in
1577 2381 1731 2403 nascentem

946 2431 1069 2460 haresim
1095 2427 1309 2464 persecutionem
1340 2424 1523 2455 concitasset,
1553 2422 1601 2449 bas
1636 2422 1670 2448 ab
1699 2428 1736 2447 eo

945 2485 1040 2514 poenas
1066 2475 1230 2510 repetebant.
1266 2471 1351 2506 llnjus
1386 2471 1423 2497 rei
1462 2474 1600 2497 auctorem
1645 2467 1732 2493 habeo

945 2513 1180 2552 l’araseeviotam,
1200 2519 1239 2546 sic
1256 2523 1380 2545 vocatum
1407 2516 1555 2543 hominem.
1582 2513 1731 2542 Commissa

946 2571 1009 2598 huic
1024 2566 1232 2596 fueratrinterim
1259 2563 1381 2591 custodia
1397 2561 1506 2588 fanatici
1520 2567 1604 2591 scus,
1626 2559 1733 2585 datum-

946 2623 999 2652 que
1015 2615 1152 2650 negotium
1173 2615 1336 2642 ulcaverct,
1367 2615 1399 2635 ne
1427 2607 1471 2640 qui
1498 2614 1558 2634 cum
1583 2613 1615 2632 eo
1641 2612 1687 2638 per
1707 2603 1733 2630 id

947 2650 1052 2697 tempus
1078 2668 1158 2695 agere
1171 2667 1203 2687 ac
1218 2662 1322 2693 pestem
1349 2654 1461 2682 nefariae
1490 2653 1576 2686 ipsius
1602 2650 1733 2678 doetrime

947 2695 1094 2744 congressu
1119 2710 1298 2738 sermoneque
1326 2700 1411 2736 ipsius
1425 2699 1535 2726 haurire
1563 2700 1681 2731 possent.
1709 2695 1733 2722 Is

109 2744 159 2795 μὲν
175 2744 245 2787 λίθοι
256 2744 372 2793 causa},
390 2744 452 2787 οἷον
464 2744 561 2794 εἰπεῖν,
577 2744 789 2796 ἐξωμῦρίξοντο,
807 2769 841 2786 κα

1001 2763 1012 2782 n
1039 2763 1070 2782 ea
1093 2762 1157 2781 cura
1175 2753 1332 2787 fungeretur
1346 2748 1431 2777 oculis
1446 2747 1503 2774 suis
1526 2750 1608 2780 atque
1624 2744 1733 2770 auribus

105 2806 248 2841 γερόντιον
261 2807 352 2833 ὲκεϊνο
366 2806 396 2833 τὸ
412 2807 619 2843 αἰρεσιαρχικὺν
636 2806 787 2834 ἐνεδεδύκει
801 2815 830 2832 τε
847 2807 890 2832 καὶ

950 2810 979 2830 so
1001 2807 1147 2834 usurpasse
1173 2806 1232 2833 quae
1260 2796 1401 2825 retulimus
1426 2793 1508 2821 etiam
1532 2792 1640 2826 juralus
1663 2789 1734 2816 allii-ﬁ

643 2879 741 2911 Vario:
757 2878 911 2911 lectiones
933 2885 971 2907 ex
989 2875 1059 2907 cod.
1074 2871 1212 2904 Coislin.

160 2929 183 2945 “
201 2929 368 2964 ὰφορισθείς.
