1854 3029
125 77 193 112 1199

126 183 267 211 irfortunii
286 183 343 217 pari
362 181 534 208 contentione
548 180 666 207 robustae
685 179 804 211 virttttis,
822 183 910 205 certa-

126 237 240 263 menque
253 228 369 256 durabat
385 227 496 254 obnixis
522 226 648 260 utrinque
665 226 833 260 impulsibus,
850 233 910 252 cum

125 281 152 303 ct
169 275 277 303 letbalia
291 274 391 302 doloris
405 273 515 300 vulnera
544 280 640 300 sensus
661 273 769 305 penitus
787 271 909 303 intimos,

127 322 311 356 Inedullasque
328 321 398 348 velut
412 320 482 354 ipsas
496 319 594 345 anima!
617 319 805 352 perVaderent,
824 322 851 344 et
868 325 911 344 re-

126 369 231 394 lucmns
250 373 340 394 tamen
358 366 434 393 fortis
449 365 568 392 mulieris
588 364 740 390 constantia
767 364 913 390 sustineret

125 422 154 441 se
179 414 205 440 in
235 418 318 445 statu,
349 418 496 446 peetusque
525 411 628 444 utique,
659 410 747 437 oflicio
774 416 914 444 generosa),

127 459 220 485 fortitu
233 457 303 487 linis.
321 461 440 484 servaret
467 457 599 490 integrum
620 463 626 481 :
642 455 748 481 interim
769 462 833 481 sane
850 455 912 481 dum

126 505 218 531 oculos
243 510 270 531 et
294 503 395 530 vultum
412 502 570 533 concedere,
594 501 694 536 aliquid
719 501 913 535 perturbationi

128 550 240 581 sineret,
254 549 357 580 oculos,
373 556 424 575 non
435 548 490 581 jam
503 547 636 578 stillatim,
652 546 700 573 sed
714 547 800 581 plenis
812 546 913 580 jngiter

127 595 241 622 ﬂuentes
257 595 335 627 rivis;
352 594 464 624 vultum,
481 593 514 619 ab
530 593 574 619 illo
588 592 680 619 forma:
694 591 760 618 flore
777 595 911 617 mutatum

127 641 154 668 in
172 640 324 674 squalorem
341 639 507 673 maciemque
524 642 636 670 tautatn,
666 642 693 663 ut
710 644 769 663 mox
782 636 914 662 abituram

129 688 247 715 animam
265 686 421 721 prominere
445 693 459 712 e
486 684 599 711 summis
619 684 728 710 naribus
748 683 857 710 intuens
875 683 915 709 di-

130 741 215 762 ceres.
233 733 348 766 Quintus
372 735 430 759 erat
455 738 533 766 supra
560 730 693 758 decimum
716 729 828 764 Augusti
847 729 914 760 dies,

134 780 201 807 fcria
218 779 312 814 quinta
331 778 505 805 hebdomadis
520 777 600 809 illius,
616 784 667 810 qua
685 784 717 803 eo
739 783 810 802 anno
829 775 915 802 incul-

131 825 277 860 patissimae
292 823 413 851 Dominae
428 823 559 851 Dormitio
575 822 709 850 celebrata
724 825 775 849 est.
790 821 853 856 Ejus
864 821 917 848 diei

129 871 217 905 primo
234 876 311 896 mane
325 876 384 895 cum
399 868 571 903 imperatoris
592 872 672 901 caput
694 866 785 893 nescio
801 873 854 900 quo
869 874 920 892 un-

131 921 229 951 guento
246 915 416 942 inunxissent
426 914 532 948 quidam
548 913 653 944 medici,
666 917 744 948 prout
756 912 820 947 ipsis
833 912 918 938 visum

132 962 233 994 fuerat,
262 961 359 988 deinde
385 960 459 988 velut
494 959 637 995 perfunctil
665 959 772 985 domum
804 958 920 992 quisque

134 1015 211 1033 suam
227 1013 381 1039 recessere;
399 1013 451 1032 non
468 1005 588 1036 fortuito,
604 1011 690 1037 neque
713 1003 747 1030 ob
771 1002 920 1029 necessita-

135 1058 188 1080 tem
215 1053 310 1085 ullam,
335 1052 382 1079 sed
406 1051 477 1086 quod
502 1050 583 1078 certis
608 1049 713 1077 indiciis
739 1048 919 1083 intelligerent

132 1100 234 1126 instare
250 1098 352 1126 obitum
369 1096 540 1132 imperatoris
551 1105 558 1128 ;
571 1103 623 1130 quo
634 1100 753 1129 tempore
765 1094 919 1121 statuebant

132 1152 186 1172 non
203 1151 263 1171 esse
277 1143 327 1170 sibi
344 1141 577 1172 committendum,
596 1145 624 1168 ut
650 1146 732 1167 testes
754 1139 834 1166 otiosi
853 1139 920 1165 tanti

133 1190 196 1216 mali
224 1189 374 1217 residerent
392 1188 464 1220 illic,
481 1186 596 1222 expositi
613 1187 645 1212 ad
663 1186 746 1213 libera
763 1186 823 1212 odia
844 1185 917 1220 judi-

133 1238 229 1270 ciaque
243 1235 392 1266 hominum,
408 1234 434 1259 in
448 1233 570 1268 prtesenti
586 1239 665 1259 sensu
677 1232 790 1266 iactum
803 1230 920 1266 propria)

136 1282 265 1316 quidquid
281 1285 321 1308 est
334 1281 442 1308 obvium
457 1279 636 1314 culpantium.
653 1278 720 1305 Tres
736 1278 761 1304 hi
776 1283 854 1305 erant
874 1277 914 1304 fa-

134 1327 189 1354 cile
204 1326 338 1362 pvineipes
351 1325 408 1359 ejus
423 1325 550 1360 temporis
563 1324 741 1352 medicorum.
760 1324 920 1350 l‘rmcullcns

135 1372 261 1400 nimirum
281 1372 336 1404 ille,
358 1370 392 1398 de
416 1378 470 1406 quo
485 1370 619 1405 superius,
634 1369 763 1397 Nicotaus
785 1369 920 1402 Callicles,

770 74 882 104 ΑΝΝᾹΞ
902 72 1090 105 ΕΟΜΝΕΝΑΕ

124 138 276 173 excipiebat
297 137 391 164 eadem
421 135 582 163 immensum
613 135 742 170 impetum
774 133 906 161 irruentis
923 136 942 163 Α
959 134 1006 160 καὶ
1026 160 1036 165 ,
1079 154 1086 162 .

1691 74 1772 110 Ῑὲω

1324 135 1372 162 ἐπὶ
1385 124 1508 171 κεῷαλῆς
1524 136 1763 171 συνεστήκεσαν-

963 177 1027 215 Εἶχε
1045 180 1096 215 μὲν
1169 200 1177 224 τ
1251 202 1258 210 .
1334 202 1342 210 .
1415 182 1548 218 ἀνδρεῖον.
1572 182 1631 209 Ἀεὶ
1639 183 1695 209 καὶ
1706 184 1771 213 τοῖς

963 226 1118 261 ἔμπροσθεν
1132 227 1264 259 κινδύνοις
1281 247 1288 254 .
1337 247 1344 255 .
1420 247 1427 255 .
1504 247 1511 254 .
1587 246 1595 254 .
1675 228 1769 262 μάλι-

964 281 1015 299 στα
1038 272 1065 298 δὲ
1081 272 1110 298 τὸ
1125 273 1253 307 τηνικάδε
1278 273 1435 308 ὴνδρίσατο,
1458 274 1506 300 καὶ
1529 273 1570 308 τῷ
1591 273 1682 300 πάθει
1711 274 1768 308 τῆς

963 317 1050 353 λύπης
1065 318 1310 354 ὲμὸρεμησαμένη,
1323 320 1445 353 εἱστήκει
1465 319 1593 354 καῦάπερ
1613 319 1764 352 ὀλυμπιο-

964 365 1042 399 νίκης
1062 365 1128 400 πρδς
1142 366 1191 396 τὰς
1205 366 1375 400 δριμυτάτοις
1395 365 1504 396 ὲκείνας
1516 366 1616 396 ὀδύνας
1632 359 1769 392 51:41:21-

965 411 1091 438 λαίουσα.
1118 412 1361 447 Κατετιτρώσκετο
1387 412 1436 446 μὲν
1456 412 1510 446 γὰρ
1524 412 1574 446 τὴν
1593 411 1693 446 ψυχὴν
1720 413 1773 438 καὶ

964 458 1128 491 ἐταράττετο
1156 457 1205 493 τὴν
1234 457 1357 492 καρδίαν,
1378 457 1470 492 ὁρῶσα
1494 457 1539 483 τὸν
1563 458 1774 493 αὐτοκράτορι

963 504 1050 533 οὕτως
1063 503 1169 538 ἔχοντα,
1183 503 1250 529 ἀλλὰ
1272 503 1424 535 ξυνέτεινεν
1446 504 1547 537 ἑιυτὴν
1564 505 1613 528 καὶ
1638 504 1772 538 ἐνεκαρ-

965 550 1038 584 τέρει
1064 549 1130 583 πρὸς
1151 549 1184 574 τὰ
1199 548 1275 574 δεινὰ
1299 549 1347 574 καὶ
1372 549 1478 583 ἐδέχετο
1505 549 1553 583 μὲν
1568 550 1618 579 τὰς
1639 548 1771 583 τρώσεις

965 596 1074 630 καιρίας
1087 596 1133 621 καὶ
1145 594 1177 621 τὸ
1189 594 1274 625 πάθος
1289 594 1379 620 αὐτῶν
1393 594 1548 620 καθικνεῖτο
1563 594 1619 620 τῶν
1637 594 1769 629 μυεὶῶνο

965 642 1072 676 ἀντεῖχε
1096 641 1124 667 δὲ
1141 641 1228 675 ὅμως,
1244 640 1333 666 καίτοι
1359 640 1475 666 ἀστακτὶ
1498 641 1602 675 ταύτης
1626 641 1770 675 κατὲῇρει

965 688 994 713 τὺ
1009 687 1135 722 δάκρυον,
1151 687 1198 712 καὶ
1213 686 1334 720 τηκεδὼν
1347 686 1478 712 κατέλαϐε
1495 687 1542 713 τοῦ
1558 687 1720 722 προσώπου
1735 688 1769 713 τὸ

966 733 1074 766 κάλλος,
1088 733 1134 759 καὶ
1153 733 1182 758 ἐν
1202 733 1273 767 ῥισὶν
1296 732 1446 768 ἀπῃώρητο
1469 733 1519 768 τὴν
1541 733 1645 768 ψυχήν.
1672 733 1766 759 Πέντε

968 781 1016 806 καὶ
1030 779 1145 814 δεκάτην
1163 779 1192 806 δὲ
1214 778 1261 805 τοῦ
1276 778 1434 813 Αὐγούστου
1451 779 1574 813 ἄγοντος,
1590 779 1714 813 πέμπτη
1737 779 1767 805 δὲ

970 824 1003 860 ἦν
1015 825 1064 859 τῆς
1079 824 1229 859 τηνικαῦτα
1253 824 1401 858 ἑϐδομάδος
1419 824 1526 859 ἐκείνης
1547 824 1611 851 καθ’
1626 825 1660 860 ῆν
1681 825 1699 859 ἡ
1715 825 1767 858 τῆς

972 870 1161 905 ὑπεραμώμου
1190 870 1341 904 Δεσποίνης
1361 871 1409 896 καὶ
1435 870 1608 905 Θεομήτορος
1628 871 1767 905 κοίμηςις

971 916 1143 952 ἑορτάζεται,
1166 917 1272 951 πρωῖας
1289 916 1486 951 ὲπαληλιφὸτες
1509 916 1558 952 τὴν
1572 917 1701 952 κεφαλὴν
1716 916 1767 942 τοῦ

971 963 1171 999 αὐτοκράτορος
1198 971 1272 994 τινες
1299 962 1353 989 τῶν
1384 962 1614 997 Ἀσκληπιαδῶν,
1637 963 1711 989 ἄττα
1733 963 1768 997 δὴ

970 1010 1076 1040 τούτοις
1099 1009 1197 1041 ἔδοξεν.
1216 1009 1332 1040 Ἐκεῖνοι
1359 1009 1408 1043 μὲν
1435 1010 1528 1035 οἴκαδε
1553 1008 1706 1044 ἐχώρησαν
1733 1009 1766 1035 οὗ

972 1056 1072 1091 μάτην,
1088 1056 1148 1082 οὐδὲ
1176 1055 1221 1082 διά
1245 1064 1306 1081 τινα.
1337 1054 1431 1090 χρείαν
1457 1055 1552 1085 αὐτοῖς
1577 1054 1765 1088 ἐπείγουσαν,

970 1100 1038 1127 ἀλλὰ
1054 1100 1163 1134 γνόντες
1186 1100 1232 1126 τὸν
1252 1100 1282 1132 ἐξ
1305 1099 1438 1133 ὑπογυίου
1456 1099 1634 1133 ἐπικείμενον
1655 1098 1697 1134 τῷ
1716 1100 1767 1125 αὑ-

970 1146 1116 1180 τοκράτορι
1142 1145 1264 1172 κίνδυνον
1278 1153 1286 1161 ·
1301 1146 1375 1180 τρεῖς
1395 1145 1445 1179 μὲν
1465 1145 1519 1179 γὰρ
1536 1143 1606 1180 ἦσαν
1632 1145 1657 1171 οἱ
1681 1153 1769 1180 κορυ-

971 1194 1046 1226 φαῖοι
1062 1192 1115 1218 τῶν
1130 1192 1240 1228 ἰατρῶν,
1262 1192 1275 1218 ὅ
1291 1200 1321 1217 τε
1337 1191 1480 1226 ὑπερφυὴς
1504 1191 1641 1222 Νικόλαος
1655 1191 1669 1217 ὁ
1688 1191 1766 1218 Καλ-

971 1235 1064 1270 λικλῆς
1080 1235 1126 1262 καί
1140 1244 1181 1267 τις
1196 1235 1289 1270 ἕτερος
1302 1235 1411 1270 Μιχαὴλ
1424 1236 1437 1262 ὁ
1451 1244 1507 1261 παν

972 1282 1004 1308 ὲκ
1017 1281 1112 1316 γένους
1123 1281 1171 1316 τὴν
1183 1282 1341 1315 ἐπωνυμίαν
1355 1281 1445 1316 λαχὼν
1459 1282 1507 1308 καὶ

971 1328 1046 1360 λιϐὸς
1061 1328 1171 1364 Μιχαὴλ
1187 1329 1201 1354 6
1221 1327 1351 1362 ἐκτομίας
1363 1336 1370 1343 ·
1394 1329 1410 1363 ή
1429 1328 1522 1362 μέντοι

972 1375 1164 1406 κυκλώσαντες
1183 1375 1269 1409 αὐτὴν
1293 1374 1394 1406 παντὸς
1413 1375 1459 1401 τοῦ
1478 1383 1510 1401 συ

133 1425 161 1446 et
174 1418 242 1446 alius
257 1418 364 1453 quidam
376 1416 491 1444 Michael
511 1416 576 1443 Pan.
594 1436 601 1443 .
621 1433 628 1442 .
647 1435 653 1442 .
672 1436 679 1443 .
699 1435 705 1443 .
724 1435 730 1443 .
751 1434 758 1442 .
774 1422 806 1442 ex
823 1421 865 1449 ger

777 1422 806 1442 ΒΧ
823 1421 921 1449 genere
971 1413 1173 1454 ἀναγκάζοντος
1207 1415 1371 1453 μεταλαὸἑίν
1405 1419 1509 1454 τροφῆς

134 1468 341 1498 cognomentum
363 1468 475 1495 nactus,
490 1467 528 1489 et.
556 1481 563 1489 .
582 1481 590 1489 .
606 1482 612 1489 .
630 1480 638 1488 .
654 1481 662 1488 .
681 1480 688 1488 .
705 1481 712 1488 .
733 1480 739 1488 .
758 1480 764 1487 .
782 1480 789 1488 .
807 1482 815 1489 .
833 1481 840 1488 .
859 1482 865 1488 .

1031 1466 1216 1500 μεταλαϐοῦσα
1231 1467 1254 1482 ⁵⁸
1268 1466 1315 1492 καὶ
1332 1465 1415 1491 ὕπνου
1431 1466 1454 1481 ⁵⁸
1528 1484 1538 1493 .
1611 1486 1619 1492 .
1698 1475 1763 1493 συν-

137 1528 145 1538 .
165 1530 172 1537 .
190 1529 198 1538 .
218 1530 225 1538 .
246 1529 253 1536 .
275 1527 283 1536 .
309 1508 421 1535 Michael
446 1507 598 1535 eunuchus.
631 1507 734 1533 Interea
760 1506 869 1541 frequen

1031 1521 1043 1543 ;
1063 1513 1110 1539 ml.
1121 1512 1185 1543 ὅλας
1201 1512 1301 1542 νύκτας
1313 1512 1358 1538 δια
1366 1511 1389 1528 ⁸⁵
1463 1531 1470 1538 .
1549 1531 1556 1539 .
1632 1532 1640 1538 .
1717 1513 1763 1538 ἐπὶ

136 1557 284 1590 Augustam
312 1554 436 1582 ambiunt
454 1553 605 1585 domestici,
631 1552 811 1587 precibusque
835 1560 867 1587 ag

1029 1557 1155 1593 lspanslq.
1180 1557 1227 1584 τοῦ
1246 1558 1380 1592 βασιλέως
1453 1577 1461 1584 .
1538 1577 1545 1584 .
1619 1558 1761 1586 ἐπείθετο,

135 1602 244 1633 inlimis,
260 1600 311 1628 sibi
328 1604 357 1627 ut
374 1604 479 1634 parcat,
497 1606 580 1632 seque
605 1603 682 1625 curet
708 1597 914 1632 aliquantulum.

135 1647 303 1674 'l‘amdudum
326 1645 381 1680 jam
401 1652 461 1672 esse
484 1651 517 1672 ex
532 1651 586 1678 quo
603 1651 653 1670 nec
670 1651 794 1671 somnum
813 1643 919 1675 viderit,

136 1701 186 1721 nec
203 1694 293 1720 cibum
304 1691 460 1726 sumpserit.
470 1690 552 1717 Cedat
562 1690 641 1724 iustis
652 1689 794 1716 desideriis
807 1695 919 1721 uatur.e,

136 1747 186 1767 nec
202 1740 304 1767 cladem
320 1738 383 1764 dum
406 1737 548 1772 prohibere
564 1736 674 1770 satagit,
696 1736 823 1770 geminet.
848 1735 920 1761 Nihil

137 1785 242 1812 interim
257 1783 410 1818 imperatori
427 1781 591 1814 defuturum;
604 1788 743 1817 mnxyero
758 1780 843 1814 ip5un
858 1788 919 1807 cum

137 1831 244 1858 refectis
258 1831 360 1858 viribus
377 1836 471 1856 recens
481 1828 576 1860 aderit,
591 1827 683 1854 utilius
698 1828 747 1861 ipsi
759 1828 920 1860 obsequium

138 1883 307 1906 navaturam.
331 1877 455 1905 Cesserat
468 1876 509 1903 his
524 1875 643 1906 monitis,
657 1882 740 1908 seque
755 1875 787 1900 ad
801 1876 917 1909 quietem

136 1925 256 1958 Augusta
275 1926 425 1956 receperat.
442 1921 523 1956 502
540 1920 638 1947 Verum
654 1919 831 1946 sollicitorum
849 1921 922 1948 leves

140 1976 167 1997 ct
186 1969 264 1996 facile
288 1967 415 1995 solubiles
436 1967 523 1993 sonmi
542 1971 614 1994 sunt.
638 1966 735 1992 Animo
751 1965 834 2000 linqui
850 1966 923 1993 visus

138 2017 284 2050 imperator
304 2017 430 2040 curantes
447 2017 642 2040 commoverat.
666 2011 735 2039 Hine
757 2016 816 2039 orta
840 2012 923 2046 trepi-

137 2062 210 2089 datio
228 2061 305 2088 facile
330 2059 443 2095 perculit
465 2059 665 2093 imperatricem
683 2059 752 2085 haud
769 2059 861 2093 procul
877 2059 924 2086 de-

138 2107 319 2140 eumbcutem,
336 2111 362 2133 et
374 2112 423 2140 per
437 2111 559 2139 soporem
575 2103 705 2131 continuo
729 2103 921 2138 imaginantem

978 1604 1058 1631 Ἀλλὰ
1073 1604 1226 1639 λειποουμή
1232 1613 1279 1636 σας
1297 1605 1319 1620 ⁸⁷

971 1658 1018 1684 νης
1033 1650 1072 1684 τῷ
1087 1650 1271 1685 αὐτοκράτορι
1292 1651 1374 1677 πάλιν

971 1695 1237 1730 ἀποκαραδοκήσασα
1250 1695 1299 1730 τὴν

971 1741 1050 1767 έῦιιλὲ
1069 1749 1101 1767 τε
1123 1741 1223 1777 ἑαυτὴν
1247 1741 1295 1768 ἐπὶ
1316 1740 1364 1766 τοῦ

971 1785 1021 1812 κυέ
1034 1794 1063 1812 τε
1079 1786 1198 1820 συνεχῶς
1217 1787 1266 1812 καὶ
1284 1787 1435 1822 ἐπλήττετο

973 1831 1015 1866 ἐφ’
1033 1831 1120 1863 οὕτως
1144 1832 1322 1867 ὲπιὸεόηκὸσι
1349 1833 1456 1863 κακοῖς,
1473 1832 1522 1858 καὶ

974 1877 1022 1912 μὲν
1030 1877 1130 1903 αὐτίκα
1141 1877 1190 1908 τὴν
1202 1877 1276 1911 ζωὴν
1287 1878 1440 1912 ἀπερεύξας

972 1931 1036 1949 varo
1050 1922 1091 1948 δέ.
1106 1922 1135 1949 '0
1149 1923 1178 1948 δὲ
1189 1923 1317 1957 βασιλεὺς
1333 1924 1425 1950 καίτοι
1437 1924 1506 1950 Θανιι

973 1968 1020 1995 καὶ
1031 1967 1309 2000 καταδυναστεύοντος
1324 1969 1406 1996 αὑτοῦ
1419 1970 1464 1996 τοῦ

1642 1613 1711 1639 γενη
1717 1606 1763 1639 μέ-

1613 1659 1644 1676 το
1662 1650 1762 1685 ᾔσθετο

1602 1695 1688 1729 ζωὴν,
1698 1703 1764 1720 κιτ-

1690 1740 1761 1767 ἐκώ-

1709 1977 1760 1996 τε.

973 2014 1105 2048 κρείττων
1119 2016 1166 2042 καὶ
1177 2015 1294 2042 θανάτου
1307 2018 1455 2050 γενόμενος
1529 2036 1535 2043 .
1611 2034 1620 2042 .
1695 2016 1759 2050 ἐκή-

973 2057 1033 2084 δετό
1047 2066 1077 2084 τε
1094 2057 1145 2092 τῆς
1161 2058 1321 2095 βασιλίσσης
1341 2061 1388 2086 καὶ
1460 2079 1468 2088 .
1546 2081 1553 2088 .
1628 2069 1695 2095 φετο
1712 2061 1757 2096 τὴν

974 2103 1100 2139 τοιαύτην
1117 2105 1140 2120 ³⁸
1158 2106 1309 2140 ἀδημυνίαν
1331 2107 1353 2122 θ’
1371 2115 1404 2141 με
1477 2126 1484 2134 .
1561 2127 1569 2135 .
1644 2107 1759 2141 θυγατὲ-

139 2165 268 2200 ιιιιὶιιιιυὶιι
294 2164 404 2191 evenire
435 2163 556 2196 Augusto
581 2164 689 2196 poterat
716 2160 762 2187 tali
790 2165 922 2194 tempore.
940 2165 961 2192 ι)
975 2162 1027 2194 uis,
1044 2166 1146 2195 potens.
1164 2164 1283 2196 graviter
1304 2162 1452 2196 increpavit
1479 2162 1553 2189 illam
1575 2163 1758 2198 impotet‘iam

139 2213 279 2246 Suspicata
296 2210 365 2244 quod
380 2215 423 2235 res
437 2212 495 2235 erat
510 2207 607 2241 surgit,
620 2206 745 2239 advolat;
763 2206 788 2232 in
805 2206 924 2240 deliquio

139 2262 257 2289 captum,
269 2255 338 2281 vclul
361 2254 386 2280 in
408 2253 463 2288 jam
480 2257 614 2279 tnortuum
634 2259 733 2285 corpus
750 2252 830 2278 irruit
843 2273 850 2285 ,
868 2259 925 2279 am-

140 2302 261 2335 plexibus
277 2305 356 2333 atque
371 2299 472 2326 osculis
489 2305 608 2325 amorem
626 2297 801 2332 doloremque
820 2303 923 2325 testau-

140 2351 220 2375 tibus.
236 2347 303 2374 lliac
318 2345 434 2380 ejulatus
443 2345 503 2379 plan
513 2349 635 2378 ctusque,
651 2350 682 2370 ac
693 2348 789 2370 ca‘tera
803 2343 828 2370 id
840 2351 925 2378 genus

142 2393 267 2421 ιιιωιιοιιὶς
289 2392 385 2419 iudicia
402 2391 539 2426 ingentis,
555 2395 635 2423 atque
650 2390 716 2416 adeo
730 2389 806 2420 tanti,
825 2393 852 2415 ut
869 2397 926 2415 ιιιιι-

141 2447 216 2467 trona
243 2439 321 2465 malis
339 2438 427 2471 impar
446 2440 521 2462 tanta
538 2435 616 2462 simul
634 2435 780 2462 acerbitate
801 2435 924 2470 ingruen-

141 2486 220 2515 tiinh.
236 2484 336 2519 justam
350 2482 459 2509 oﬂ‘erret
471 2481 657 2516 spectantibus
675 2480 784 2507 timendi
801 2488 923 2514 causam,

141 2540 173 2557 nc
191 2530 288 2557 doloris
309 2527 493 2563 magnitudine
507 2527 597 2554 statim
621 2526 777 2553 exanimata
797 2527 925 2554 concide-

141 2583 189 2604 ret.
219 2576 286 2605 llinc
313 2575 358 2602 tali
379 2578 451 2601 statu
483 2572 657 2607 conspicatus
684 2573 840 2606 imperator,
861 2578 926 2599 tunc

107 2658 109 2660 _
139 2623 307 2650 conm-odmn
325 2622 374 2648 sibi
389 2621 509 2648 redditus
522 2627 537 2647 e
555 2626 684 2654 syncopel
705 2619 731 2646 in
748 2619 835 2648 media
862 2618 923 2645 licet

139 2674 235 2699 titot'lt',
254 2668 348 2694 mortis
364 2671 453 2693 tamen
468 2671 494 2693 et
507 2665 560 2696 sui.
574 2665 689 2700 vigentis
706 2665 820 2691 arbitrio
839 2665 922 2690 ratio-

974 2208 1165 2235 mmstitudinis
1191 2209 1345 2237 muliebris;
1365 2215 1467 2242 nosque
1484 2216 1536 2235 una
1555 2209 1674 2239 intuens.
1704 2216 1754 2241 me,

974 2255 1129 2289 inquam,et
1145 2255 1223 2282 tertio
1238 2257 1354 2286 genitam
1369 2263 1524 2290 germanam
1540 2262 1627 2281 meam
1641 2255 1758 2290 Porph]-

975 2299 1122 2332 rogenitam
1150 2299 1294 2326 Eudoeiam
1320 2299 1393 2335 (nam
1409 2299 1493 2326 Maria
1507 2307 1587 2326 soror
1600 2305 1694 2326 nostra
1708 2305 1758 2326 ter-

976 2344 1023 2375 tia,
1040 2352 1092 2370 non
1111 2344 1154 2371 illa
1173 2349 1228 2371 tmn
1241 2346 1349 2378 quidem
1364 2345 1467 2371 imitata
1484 2351 1607 2372 sanctam
1624 2345 1698 2371 illam
1710 2345 1758 2373 sibi

975 2391 1172 2424 cognominem.
1189 2391 1298 2416 sedebat
1315 2390 1392 2424 juxta
1407 2391 1488 2424 pelea
1503 2391 1555 2416 mei
1579 2389 1694 2420 domini,
1710 2391 1755 2416 sed

975 2437 1046 2462 circa
1059 2441 1140 2469 caput
1154 2437 1305 2470 satagebat.
1324 2444 1420 2469 aquam
1438 2435 1576 2463 deﬁcienti
1595 2436 1753 2470 propitiaris,

975 2490 1028 2508 ιιυιι
1045 2482 1140 2515 poculo
1158 2482 1278 2516 vulgaris
1298 2481 1400 2514 formae,
1416 2486 1444 2508 at
1458 2482 1511 2509 alio
1526 2483 1646 2516 quodam
1672 2481 1754 2509 inusi-

976 2531 1036 2553 tata:
1061 2527 1153 2562 figura:
1177 2517 1289 2562 scypho,
1311 2535 1389 2561 quem
1417 2527 1551 2562 cypellum
1580 2532 1681 2554 vocant
1696 2535 1703 2553 :
1718 2527 1755 2554 sic

975 2574 1154 2605 cm‘u’ormatn,
1170 2578 1198 2598 ut
1223 2581 1270 2607 per
1285 2581 1346 2599 eum
1369 2577 1444 2599 trans
1469 2573 1639 2607 gingivarum
1668 2572 1756 2607 lingua

976 2626 1006 2644 ac
1020 2619 1099 2651 pitlali
1118 2624 1248 2645 tumormn
1264 2619 1373 2652 perduci
1394 2618 1425 2645 ad
1442 2623 1534 2652 guttur
1551 2619 1660 2646 aridum
1673 2619 1756 2653 liquor

976 2664 1090 2698 νοέω-ι),
1114 2665 1146 2690 ad
1168 2672 1227 2694 nos.
1253 2665 1382 2699 inquam,
1406 2665 1475 2692 duas
1497 2665 1566 2692 filias
1583 2673 1647 2693 cum
1665 2671 1756 2698 matre,

655 2721 755 2752 Variae
778 2721 929 2752 lectiones
952 2729 988 2751 ex
1002 2723 1071 2752 cod.
1089 2722 1220 2753 Coislin.

175 2773 197 2789 ⁸⁵
209 2772 426 2806 μεταλαϐιιῦσαν.
482 2773 503 2788 ⁸⁵
516 2772 598 2798 ὕπνου
616 2770 696 2802 τινός.
713 2790 720 2797 .
740 2790 748 2797 .
762 2791 770 2798 .

142 2809 163 2825 ⁸³
185 2809 343 2842 ἀιῦκμονίαν.

835 2769 857 2785 ⁵⁸
885 2770 1104 2798 διατελέσκσοαι.

1157 2771 1373 2807 Ηλειιτοοιιμίςις
1404 2771 1534 2807 ἐσχάτης.
1591 2770 1756 2809 "scrutiny.
