1854 3029
49 170 121 205 1201

46 237 106 263 ρων
130 229 146 262 ἦ
170 227 250 262 τρίτη
280 229 301 254 δ’
324 226 358 264 ἦν
389 229 459 264 αὕτη
485 239 608 265 καταγεν
681 253 688 261 .
765 254 772 261 .

44 274 312 309 Ιιορφυρογέννητος
328 275 440 302 Εὑδοκία
463 277 511 311 (6).
532 277 563 304 Ἠ
581 279 634 313 γὰρ
655 280 749 316 Μαρία
771 281 837 316 ἄλλη

43 329 92 350 τις
107 318 164 346 οἷον
179 321 272 354 Μαρία
288 321 326 355 (7)
341 323 550 357 χρηματίζουσι
561 324 591 349 οὗ
607 325 671 360 περὶ
683 326 745 357 τοὺς
757 327 840 357 πόδας

40 365 201 400 τηνικαῦτα
232 366 375 403 καθημένη
406 368 454 394 τοῦ
481 369 548 403 ἐμοῦ
583 370 715 397 δεσπότου
740 372 836 408 ὥσπερ

40 413 109 439 τότε
133 413 235 447 ἐκείνη,
260 413 328 440 ἀλλὰ
354 415 410 445 τοῖς
433 415 498 450 περὶ
512 415 562 450 τὴν
581 417 704 452 κεφαλὴν
723 418 837 452 μέρεσιν

42 458 279 493 ἐνασχολρυμένη,
293 458 366 493 ὕδωρ
377 459 461 485 ἐδίδου
476 460 563 495 τούτῳ
580 461 624 488 διὰ
638 463 684 488 τοῦ
701 463 836 490 κυπέλλου

43 507 77 531 οὐ
97 505 133 532 δι’
150 505 315 540 ἐκπώματός
332 515 405 537 τινος
421 507 521 539 πίνειν,
550 508 594 534 ἵνα
621 508 659 544 μὴ
687 509 795 544 γένοιτό
814 511 838 537 οἱ

41 551 181 582 πολλάκις
204 552 342 583 δυσκόλως
367 553 430 586 περὶ
449 552 497 587 τὴν
522 554 675 580 κατάποσιν
704 555 840 589 φλεγμαι-

42 595 149 630 νούσης
164 597 214 631 τῆς
232 597 361 633 ὑπερῴας
375 599 422 624 καὶ
439 598 525 633 αὐτῆς
542 599 573 635 δὴ
590 601 638 634 τῆς
654 600 777 635 γλώττης
794 601 840 627 καὶ

42 641 95 666 τοῦ
125 641 267 675 φάρυγγος
292 643 441 677 ἀναφέρειν
470 644 542 678 τάχα
570 644 665 671 τοῦτον
694 645 837 674 ἐθέλουσα.

49 687 178 719 Ἐκεῖνος
202 689 230 715 δὲ
257 689 397 724 σταοηρὰς
422 691 471 724 μὲν
493 691 539 717 καὶ
560 691 690 726 ἀνδρικὰς
710 692 840 728 διεμήνυε

41 734 201 768 τηνικαῦτα
222 736 412 770 παραινέσεις,
426 737 501 770 ὅμως
519 737 614 771 μέντοι
637 738 765 772 ἐσχάτας.
786 739 840 766 Καὶ

41 782 86 813 τί,
105 782 184 815 φησι,
201 782 364 816 προεξάγεις
387 783 493 817 σαυτὴν
514 783 586 810 οὕτω
608 785 836 820 κατατρυχομένη

42 829 81 863 τῇ
111 828 190 863 ἡμῶν
211 829 335 863 τελευτῇ,
365 830 413 855 καὶ
439 830 514 864 ἡμᾶς
545 831 768 864 καταναγκάζεις
792 831 840 858 τοῦ

43 882 116 901 κατε
123 874 262 908 πείγοντος
273 874 390 901 Θανάτου
405 876 599 909 προαπελθεῖν.
612 877 649 903 Οὐ
667 877 775 912 βλέψεις
789 876 837 904 οὖν

42 919 118 952 πρὸς
139 919 239 954 ἑαυτὴν
265 919 311 946 καὶ
335 920 403 954 πρὸς
425 920 458 946 τὰ
480 921 648 955 ἐνεστηκότα
673 921 760 954 δεινὰ,
779 923 837 949 ἀλλ’
853 914 875 944 Β

43 964 158 991 ἔκδοτον
179 965 280 1000 σαυτὴν
305 967 391 998 ποιεῖς
416 966 454 998 τῷ
475 966 670 1002 ἐπιρῤεύσαντί
698 976 740 994 σοι
765 968 839 1003 πόνῳ

41 1011 98 1045 τῆς
112 1010 201 1045 λύπης
275 1030 282 1037 .
357 1031 366 1038 .
438 1011 524 1038 ταῦτα
551 1013 642 1047 ἐκείνη
668 1014 718 1048 μὲν
734 1015 755 1030 ⁸ο
830 1035 838 1043 ,

203 1057 236 1092 τῇ
265 1057 286 1072 ⁶¹
315 1057 434 1092 βασιλίδι
458 1058 582 1090 ἀνέξαινε
610 1061 658 1094 μὲν
689 1060 791 1094 μᾶλλον
810 1061 841 1088 τὸ

290 1112 327 1139 μα
344 1104 393 1139 τῆς
414 1106 568 1140 συμφορᾶς.
587 1105 659 1140 Ἐγὼ
674 1107 703 1133 δὲ
723 1108 841 1136 παντοία

413 1151 472 1183 τοῖς
494 1160 523 1178 τε
547 1154 665 1188 παροίσι
685 1154 775 1187 φίλοις
793 1155 840 1181 καὶ

633 1199 706 1231 ένοις
734 1200 840 1236 ἀνθρώ-

760 1247 840 1278 Θεὸν,

45 1147 85 1184 ἦν
96 1150 144 1176 καὶ
161 1149 174 1175 ὃ

47 1196 111 1226 τοῖς
139 1195 202 1222 ὖστε
208 1203 254 1230 ρον
281 1198 310 1222 ὲν

44 1251 113 1273 ποις
123 1242 161 1276 τῷ
171 1243 366 1278 συγγράμματι
378 1243 464 1279 τούτῳ
475 1244 520 1271 τὸν

45 1291 88 1321 ὡς
104 1291 180 1317 οὐδὲν
197 1291 310 1326 ἄμεινον
326 1289 400 1326 εῐχον
422 1292 477 1319 τῶν
551 1313 558 1320 .
633 1313 641 1321 .
718 1295 755 1330 μὴ

206 1338 262 1364 ἀλλ’
281 1337 327 1373 ὅλη
348 1338 396 1364 τοῦ
414 1338 516 1370 πάθους
543 1339 680 1374 ἐγεγόνειν
707 1341 838 1373 ἐνταῦθα,

287 1384 335 1410 καὶ
354 1383 514 1418 φιλοσοφίας
531 1385 577 1411 καὶ
603 1385 682 1419 λόγον
704 1395 843 1422 καταφρο-

407 1431 564 1466 ὲπενούμην
579 1432 643 1467 περὶ
667 1432 712 1459 τὸν
736 1434 842 1469 πατέρα

506 1478 553 1504 καὶ
571 1479 618 1506 τοῦ
642 1480 773 1514 σφυγμοῦ
789 1482 839 1513 τὰς

377 1543 383 1550 .
422 1524 560 1558 ἀναπνοῆς
574 1525 621 1551 τοῦ
638 1526 841 1562 αὐτοκράτορος

48 1430 170 1465 νήσασα.

47 1478 102 1504 καὶ
116 1477 163 1508 τὰς
179 1476 254 1512 αὐτῷ

48 1524 174 1558 κινήσεις
183 1524 205 1538 δ’
247 1544 253 1550 .

679 176 885 208 ALEXIADIS
901 178 974 209 LIB.
997 180 1053 211 XV.

859 240 881 267 A
897 239 1024 266 cernebat
1043 247 1073 266 ex
1091 240 1213 271 adverso,
1231 241 1300 268 hanc
1322 245 1489 268 constantem
1507 241 1679 276 virilemque,

1616 182 1682 215 1202

892 286 997 312 tametsi
1011 291 1185 320 postremam,
1197 287 1404 314 admonitionem
1416 287 1521 317 direxit.
1531 286 1679 322 Augustam

892 331 1059 364 poliSsi'nuzn
1070 332 1220 365 appellans:
1236 332 1304 364 Quid
1321 337 1354 364 te,
1365 333 1472 365 misIru,
1491 333 1520 359 ob
1534 334 1676 360 instantem

891 375 968 410 ﬁnem
985 385 1068 403 meum
1085 385 1192 404 mwrore
1209 378 1325 410 conﬁcis,
1349 386 1438 412 meque
1452 378 1537 412 ipsum
1552 384 1672 405 conster-

891 421 1007 448 nationis
1025 427 1077 448 ιιιιε
1093 426 1173 448 tanta:
1190 427 1288 452 testem,
1305 423 1372 448 mori
1388 426 1448 448 ante
1462 428 1570 449 mortem
1583 424 1653 458 cogis
1667 425 1679 450 ?

891 467 1027 502 Cogitarts
1051 473 1075 495 te
1097 468 1182 502 ipsum
1207 469 1311 499 saltem,
1337 468 1479 502 futuraque
1505 470 1677 503 prospiceres.

893 512 983 540 Facile
1002 522 1118 541 (eruere:
1132 514 1311 548 intprtulentcr
1323 518 1410 548 lucere
1426 519 1460 546 te,
1475 523 1534 550 qua:
1547 516 1582 542 itu
1594 520 1678 541 totum

891 559 1007 586 animam
1021 560 1107 586 dolori
1123 561 1215 591 dedas,
1228 560 1345 594 viresque
1361 560 1397 587 ad
1409 560 1546 587 toleranda
1563 566 1679 591 postmo-

891 604 953 631 dum
970 606 1108 632 viduitatis
1121 607 1191 633 mala
1207 608 1348 634 servandas
1365 612 1525 641 pramature
1541 608 1677 634 nuit-emas

892 651 1026 686 proﬂiges,
1052 656 1080 678 ut
1101 652 1246 685 periculum
1267 653 1299 679 sit
1316 660 1347 678 ne
1363 653 1559 678 imminentibus
1584 653 1678 680 deinde

892 695 1025 723 laboribus
1050 697 1136 730 impar
1151 697 1265 731 ferendis
1283 698 1329 724 sis.
1351 697 1412 724 Πιρο
1433 697 1477 724 ille
1501 697 1609 732 quidem
1632 699 1680 724 aul-

892 742 1020 769 monebat
1042 742 1067 768 in
1097 747 1215 776 tempore
1231 751 1237 775 ;
1255 747 1382 770 caeterum
1410 743 1474 770 illud
1493 743 1580 776 ipsutn
1611 745 1677 770 tanti

890 788 984 823 judicii
1002 792 1136 822 lautiaque
1150 788 1291 816 charilatis
1308 789 1352 816 tali
1369 789 1513 816 occasione
1538 790 1676 822 specimen

892 834 1004 866 editum,
1021 842 1074 869 quo
1090 835 1176 868 magis
1191 842 1219 862 se
1240 834 1409 870 probandum
1433 835 1679 870 admirandumque

893 879 1030 912 olli-iebat,
1052 888 1085 908 eo
1108 881 1256 915 augebatur
1284 881 1416 908 inlcnsius
1440 882 1565 916 August-.1:
1584 881 1677 911 dolor,

890 925 932 952 vel
949 933 981 953 ex
998 926 1049 953 ista
1067 933 1193 960 suprema
1211 927 1425 953 commonitione
1440 927 1593 959 sentientis,
1608 934 1678 960 qua-

892 972 942 999 lem
958 972 1044 999 virum
1061 973 1194 1007 perderet.
1209 972 1271 999 Mihi
1293 980 1374 1007 porro
1390 973 1461 1000 inter
1474 973 1568 1000 matris
1581 973 1676 1001 δηίοιο

891 1020 1102 1052 extabeseentis,
1119 1020 1204 1054 patris
1218 1026 1371 1048 extremum
1390 1021 1513 1055 spiritum
1530 1029 1602 1056 aegre
1620 1026 1675 1047 tra-

891 1065 999 1097 ltentis,
1024 1066 1179 1094 tristissima
1204 1067 1358 1100 spectacula
1390 1072 1445 1093 ttnn
1472 1067 1577 1099 media),
1607 1067 1672 1101 qnil

891 1112 973 1139 animi
991 1112 1082 1145 interit,
1101 1119 1266 1147 usurparunt
1283 1118 1429 1148 praesentes
1446 1113 1532 1141 oculis
1545 1113 1590 1148 qtti
1613 1119 1676 1140 tunc

892 1159 971 1186 amici
985 1159 1107 1187 adfuere.
1126 1160 1229 1187 Posteri
1249 1165 1276 1187 ct
1299 1160 1454 1195 quicunque
1473 1161 1499 1187 in
1515 1160 1586 1187 lutnc
1606 1168 1681 1187 com-

892 1205 1053 1231 mentarium
1071 1205 1186 1232 lectores
1198 1205 1328 1237 incident,
1342 1206 1453 1233 credant
1464 1213 1530 1232 sane
1541 1205 1680 1232 conﬁtenti

890 1250 926 1277 de
940 1257 980 1284 se,
1008 1251 1144 1286 Deumque
1179 1256 1273 1279 testem
1299 1252 1436 1286 appellare
1461 1260 1513 1280 non
1546 1253 1649 1279 verenti
1672 1271 1680 1283 ,

892 1303 1015 1324 extremo
1039 1305 1082 1324 me
1108 1305 1168 1324 cum
1196 1305 1314 1325 mmrorc
1330 1297 1522 1331 conﬂictatam,
1541 1298 1680 1332 nihiloque

893 1343 1014 1370 affet-tam
1033 1344 1132 1374 levius.
1147 1351 1227 1377 quam
1243 1344 1339 1377 quibus
1356 1344 1494 1371 horribilis
1513 1351 1573 1371 mox
1590 1351 1674 1378 oppe-

894 1388 980 1415 tenda)
996 1388 1092 1415 mortis
1111 1388 1239 1423 objicitur
1255 1388 1346 1419 facies.
1362 1388 1429 1416 adeo
1454 1393 1536 1416 totam
1561 1389 1681 1423 undique

892 1433 1135 1468 comprehenderat
1163 1434 1298 1468 planeque
1322 1434 1460 1461 obtinebat
1488 1434 1677 1468 perturbatio,

894 1479 1005 1507 rationis
1016 1480 1094 1514 juxta
1111 1480 1342 1515 philosophiteqne
1358 1480 1436 1515 plene
1450 1480 1559 1507 victrix.
1574 1480 1677 1507 Tamen

893 1535 928 1554 ne
944 1531 1059 1560 utroque
1084 1527 1165 1554 simul
1194 1531 1306 1562 parente
1331 1527 1445 1554 orharer
1471 1527 1552 1554 dabat
1570 1534 1681 1560 operam

235 1569 420 1606 πραγμόνουν.
447 1569 504 1596 Νῦν
526 1570 554 1597 δὲ
577 1571 642 1606 περὶ
659 1571 709 1607 τὴν
734 1573 842 1608 μητέρα
857 1587 878 1615 c
895 1573 967 1608 inger

948 1573 1034 1600 iniosa
1047 1573 1144 1606 pietas,
1158 1577 1187 1600 ut
1201 1573 1280 1600 matri
1295 1577 1368 1599 rerte
1379 1573 1505 1600 solatium
1518 1573 1558 1599 vel
1573 1573 1680 1605 falsum,

48 1617 154 1652 ἁνεστρ
215 1637 221 1643 .
279 1636 286 1643 .
351 1615 517 1650 ἀνεχτώμην
535 1616 621 1651 αὐτὴν
646 1618 687 1649 είς
712 1618 838 1653 δύναμιν.

49 1663 86 1690 ἀλ
125 1683 132 1690 .
177 1681 185 1690 .
223 1682 230 1690 .
267 1661 302 1688 τὰ
337 1661 408 1696 μέρη
453 1662 502 1688 καὶ
537 1662 712 1689 παντάπασιν
739 1664 841 1699 ἀθερά-

51 1718 143 1736 πευτα
181 1728 188 1736 .
227 1729 235 1736 .
274 1727 283 1737 .
321 1707 528 1744 όαύτοκράτωρ
541 1708 747 1743 ἀναφέρειντῆς
760 1710 841 1744 ἐσχά-

49 1765 103 1789 της
123 1756 210 1782 λει·.
251 1775 258 1782 .
299 1776 306 1782 .
347 1774 354 1782 .
396 1774 402 1781 .
448 1753 504 1789 εἶχε
528 1755 574 1781 καὶ
591 1756 641 1788 τῆς
671 1755 842 1790 ’Δυγούστας

49 1802 155 1837 ἡψυχὴ
168 1811 234 1828 συνα
274 1823 282 1829 .
321 1821 328 1828 .
369 1821 376 1828 .
417 1821 423 1828 .
463 1801 575 1836 πείγετο
591 1801 630 1836 τῷ
644 1801 841 1837 αὐτοκράτορι.

51 1849 147 1879 Οὕτως
163 1847 237 1884 εἶχον
274 1869 281 1877 ,
322 1868 329 1876 .
370 1867 378 1875 .
417 1867 425 1875 .
465 1867 472 1875 .
513 1848 560 1875 καὶ
581 1848 619 1880 ὦς
636 1848 746 1883 ἀληθῶς
762 1848 844 1876 τοῦτο

52 1897 87 1932 δὴ
104 1895 133 1921 τὸ
146 1895 317 1930 ψαλλόμενον
356 1916 363 1923 .
404 1914 411 1922 .
450 1915 458 1922 .
496 1894 571 1926 τινες
591 1895 710 1921 θανάτου
724 1895 756 1921 τὸ
769 1904 844 1930 τηνι-

53 1940 145 1968 καῦτα
168 1941 243 1975 ἡμᾶς
265 1949 334 1966 κατε
373 1960 381 1967 .
420 1959 428 1968 .
469 1959 477 1967 .
517 1959 524 1967 .
565 1959 572 1967 .
612 1960 620 1968 .
658 1941 706 1967 καὶ
725 1940 787 1967 τότε
810 1940 843 1976 δὴ

52 1986 182 2022 ᾐσθόμην
204 1986 337 2022 ἐκφρονος
359 1987 431 2021 ὲμαυ
469 2006 477 2014 .
517 2007 525 2013 .
565 2005 573 2013 .
610 1986 762 2022 ἑμεμήνειν
787 1986 843 2022 γὰρ

55 2043 139 2079 503
160 2043 345 2070 lnvalcsecbat
363 2043 528 2079 profectibus
545 2050 599 2070 non
621 2043 703 2070 lentis
724 2043 843 2071 exitialis

54 2091 257 2122 incuratarum,
288 2090 342 2117 imo
375 2089 575 2123 incurabilium,
608 2089 723 2123 partium
755 2094 845 2117 tumor

54 2135 209 2170 dolorque;
230 2135 314 2169 signis
340 2128 475 2170 ejusmodi
496 2135 581 2170 palam
594 2136 766 2163 exstantibus
782 2144 845 2163 mox

53 2186 193 2210 secutura:
210 2181 316 2214 mortis.
335 2181 510 2208 utneminem
529 2181 608 2216 plane
619 2181 764 2208 astantium
781 2189 845 2216 pos-

894 1619 1041 1646 minuendo
1056 1619 1141 1653 patris
1155 1619 1243 1651 malo,
1260 1617 1356 1645 aiferre
1374 1626 1500 1645 conarer.
1527 1618 1592 1644 Erat
1607 1618 1633 1644 in
1649 1625 1680 1644 ea

889 1665 1022 1698 opinione
1039 1671 1096 1691 mea
1113 1671 1211 1698 parens
1227 1671 1308 1691 nosse
1324 1672 1367 1691 me
1380 1671 1453 1691 artes
1472 1664 1614 1698 plurimas,
1632 1671 1682 1690 nec

891 1710 1031 1737 medicina:
1047 1710 1113 1736 adeo
1128 1710 1211 1744 ipsius
1225 1710 1317 1737 rudem
1336 1717 1396 1736 esse
1410 1709 1542 1736 inliditus.
1562 1709 1617 1743 Ego
1632 1709 1677 1735 illa

893 1761 948 1783 tum
968 1755 1129 1783 auctoritate
1146 1755 1186 1782 sic
1199 1755 1232 1782 ad
1248 1755 1307 1790 ejus
1324 1756 1423 1782 bonum
1440 1755 1580 1786 abutebar,
1594 1761 1621 1781 ut
1632 1763 1679 1781 ex-

893 1803 996 1836 plorato
1008 1803 1112 1829 crebris
1125 1802 1242 1828 tactibus
1257 1801 1417 1828 arteriarum
1431 1802 1522 1835 pulsu,
1535 1802 1681 1828 observato

892 1856 1000 1884 quoque
1015 1849 1123 1883 spiritu,
1145 1853 1172 1874 et
1194 1848 1279 1882 signis
1300 1847 1325 1874 id
1346 1855 1432 1881 genus
1462 1847 1680 1880 circumspectis,

892 1895 987 1922 melius
995 1902 1054 1922 esse
1062 1894 1146 1922 videri
1157 1894 1359 1929 pronuntiarem
1371 1894 1402 1920 ad
1413 1899 1525 1920 matri-tu
1537 1901 1680 1924 conversa,

893 1940 1076 1974 indiciumque
1093 1939 1239 1966 ementircr
1258 1939 1294 1965 illi
1312 1941 1385 1965 certe
1409 1938 1580 1966 consolando:
1603 1938 1679 1965 utile.

892 1986 927 2014 At
939 1985 1030 2014 brevis
1045 1986 1090 2021 pio
1104 1985 1244 2012 mendacio
1258 1984 1334 2018 ﬁdes,
1344 1984 1411 2012 levis
1428 1983 1533 2012 fructus
1546 1984 1678 2012 constitit.

893 2044 958 2072 loris
976 2044 1065 2072 elicita
1077 2044 1213 2071 eminebat
1228 2052 1243 2072 e
1261 2044 1427 2078 przecordiis,
1443 2044 1515 2071 haud
1533 2043 1613 2070 dubie
1631 2044 1683 2070 mi-

893 2098 962 2118 nans
977 2097 1037 2118 sese
1052 2090 1184 2117 abituram
1202 2090 1283 2117 simul
1306 2097 1365 2116 cum
1393 2090 1482 2116 anima
1498 2089 1620 2123 Augusti.
1640 2089 1684 2116 Vae

895 2136 961 2163 mihi
980 2141 1035 2163 tum
1057 2136 1164 2163 miserae
1178 2143 1257 2170 quam
1273 2136 1362 2170 gravis
1381 2135 1495 2162 articulo
1525 2143 1613 2161 rerum
1634 2135 1681 2160 tali

894 2190 971 2211 smvaa
983 2182 1145 2210 calamitatis
1162 2182 1245 2209 moles
1261 2182 1356 2209 incidit
1376 2182 1383 2208 ί
1412 2181 1503 2213 Plane,
1521 2182 1591 2215 quod
1608 2180 1684 2207 Psal-

52 2232 118 2255 oent
137 2227 242 2254 fallere.
257 2227 287 2254 ld
306 2227 430 2261 Augusta
443 2227 613 2261 conspicata.
631 2227 670 2254 sic
685 2227 780 2254 aﬂ‘ccta
793 2232 844 2261 est,
862 2246 882 2275 υ
898 2238 958 2258 mus
975 2231 1056 2258 habet
1072 2239 1079 2256 :
1096 2230 1284 2257 Prmueuerunt
1299 2238 1338 2256 me
1357 2229 1444 2263 laquei
1466 2229 1557 2255 iunrtix
1566 2230 1586 2260 δ,
1603 2233 1629 2254 et
1643 2228 1685 2254 Γιι-
1721 2256 1728 2267 l

53 2277 86 2300 ut
99 2273 150 2300 sibi
165 2271 285 2306 prudens
299 2273 415 2307 quisque
440 2273 575 2308 subjicere
591 2277 679 2308 potest
694 2281 785 2300 secum
801 2280 844 2301 re-

53 2319 187 2354 putando,
207 2319 248 2345 vel
265 2327 298 2346 ex
317 2319 349 2346 iis
366 2326 425 2353 quae
438 2319 492 2353 jam
511 2319 638 2351 diximus,
661 2319 702 2346 vel
720 2327 753 2346 ex
772 2319 846 2346 aesti-

53 2365 176 2393 matione
189 2365 289 2393 amoris
306 2365 383 2393 tanti.
406 2365 547 2393 Enimvero
562 2365 620 2400 ejus
639 2366 730 2393 anima
747 2366 769 2393 vi
796 2366 844 2394 do-

91 2433 103 2450 δ
121 2434 193 2462 Psal.
206 2442 272 2467 uti,
288 2435 332 2462 l9.

899 2284 948 2304 nes
964 2277 1037 2304 velut
1059 2277 1169 2311 quidam
1198 2277 1465 2311 comprehenderunt
1488 2275 1578 2302 fatalis
1596 2275 1672 2302 exitii

899 2321 954 2350 Nec
970 2330 1018 2358 par
1031 2322 1190 2350 sustinendo
1206 2322 1325 2354 constiti,
1352 2322 1438 2348 fateor
1455 2322 1546 2353 ultro;
1564 2321 1597 2348 de
1608 2325 1669 2356 pote

898 2373 969 2396 state
999 2369 1097 2397 mentis
1123 2368 1292 2396 tleturbatam
1310 2375 1352 2395 me
1367 2368 1450 2395 sensi.
1475 2367 1508 2394 Et
1536 2373 1593 2394 erat
1625 2366 1686 2394 li":

582 2469 685 2501 Varias
704 2470 860 2502 lectiones
876 2480 914 2502 ex
932 2473 1005 2503 cod.
1028 2472 1165 2504 Coislin.

93 2521 116 2537 “
133 2520 182 2555 μὲν
197 2518 268 2548 εἷπε.
307 2519 329 2535 ⁶¹
341 2521 374 2555 τῇ
385 2519 425 2548 δέ.
464 2520 486 2535 ⁸³
502 2519 624 2555 κινήσεις
642 2539 649 2547 .
664 2540 672 2547 .
688 2541 694 2549 .
710 2523 842 2557 περὶτῆς.

572 2581 644 2612 Car.
668 2583 833 2614 Dufresnii
850 2585 895 2615 Du
911 2583 1024 2623 Cangii
1050 2586 1145 2614 notae.

94 2628 132 2664 (6)
148 2630 432 2669 ηορφυρογέννητρς
444 2632 594 2669 Eetion/(1.
612 2633 692 2669 425
711 2634 795 2661 Alexii
813 2635 843 2661 ii-

58 2664 106 2696 lia,
127 2664 204 2703 c_ujus
219 2665 342 2694 meminit
360 2664 482 2694 Callicles
497 2668 524 2703 in
547 2676 579 2694 eo
600 2664 842 2703 qual'descripsi-

56 2707 118 2738 ιῃιιε
132 2699 342 2738 Epigrammate,
356 2707 383 2730 et
399 2710 478 2738 quam
496 2699 615 2730 Zonaras
632 2712 645 2730 a
670 2709 758 2738 patre,
788 2699 843 2732 lilio

61 2734 232 2772 popstautini
252 2736 337 2764 Iasitte
354 2734 436 2771 (illius
449 2736 528 2769 lorte,
547 2746 625 2771 quem
644 2734 731 2769 Anna,
752 2734 799 2766 lib.
817 2748 842 2772 ν,

57 2768 128 2810 lta|i_
147 2770 297 2799 auditorem
330 2768 414 2810 fuisse
437 2773 501 2810 ait)‘
523 2768 697 2810 collocatam,
718 2768 744 2800 ct
760 2775 793 2800 ab
811 2768 843 2801 eo

56 2807 176 2841 pessime
190 2811 284 2833 contra
305 2808 412 2841 generis
427 2807 589 2841 dignitatem
608 2809 727 2836 habitam
745 2814 771 2836 ct
800 2810 843 2836 oi-

57 2838 174 2879 fensam,
189 2841 277 2879 soluto
299 2838 481 2875 matrimonio,
507 2844 533 2869 iu
554 2845 746 2872 monasterium
768 2853 840 2872 con—

58 2876 175 2902 cessisse
193 2876 296 2903 scribit.

93 2909 132 2945 (7)
150 2911 257 2945 Μαρία.
279 2911 343 2944 Quae
368 2912 497 2948 Gregmio
512 2913 607 2942 Gabrac
634 2919 712 2950 pacta
744 2919 771 2944 et
795 2915 842 2944 dc-

898 2643 996 2669 sponsa
1015 2635 1120 2667 ejurato
1137 2634 1307 2668 postmodum
1335 2631 1684 2669 amnitatetl‘iicephorum

893 2667 1062 2697 Constantini
1082 2667 1253 2704 Euphorbcni
1278 2668 1451 2704 Cataralonis
1481 2667 1576 2704 lilium,
1602 2668 1684 2694 seba-

893 2710 1069 2732 smeratorem
1091 2714 1104 2731 ιι
1123 2703 1218 2732 socero
1241 2703 1418 2738 appellaturi).
1433 2703 1519 2734 duxit,
1536 2708 1563 2729 ut
1583 2708 1686 2738 auctor

893 2746 937 2767 cst
955 2741 1085 2767 Zonaras.
1105 2741 1141 2767 Ex
1159 2740 1200 2766 his
1216 2737 1317 2772 nuptiis
1333 2738 1388 2764 nati
1407 2737 1516 2764 Alexius
1533 2742 1559 2763 et
1575 2737 1683 2764 Andro-

893 2777 980 2805 nicus,
999 2776 1042 2809 qui
1060 2776 1105 2802 lilii
1121 2776 1168 2809 τῆς
1190 2773 1450 2809 Πορφυρογεννήτου
1465 2773 1685 2809 Μαρίαςιᾼιιιιιιι

893 2808 1086 2844 αὑταδέΧφης,
1119 2808 1245 2836 dicuntur
1276 2809 1302 2836 in
1335 2809 1471 2835 sententia
1504 2808 1685 2842 depositionis

897 2846 1002 2872 Cnsinm
1019 2843 1098 2873 'P'atr.
1114 2845 1165 2872 (ΣΡ.
1192 2853 1236 2871 an.
1259 2844 1323 2871 Chr.
1341 2843 1422 2876 1144,
1444 2846 1514 2877 apud
1543 2843 1683 2873 Allatium.

900 2881 936 2906 De
968 2881 1038 2907 I'rcl.
1063 2881 1153 2909 Occul.
1175 2885 1198 2907 ιιι
1216 2880 1317 2908 Orient;
1345 2887 1418 2914 perp.
1444 2887 1562 2906 consciis.
1590 2878 1635 2906 lib.
1654 2885 1684 2910 ιι,

897 2925 955 2951 ςιιρ.
975 2916 1016 2944 12.
