1854 3029
179 173 248 207 ιτοθ

177 277 204 303 in
227 275 392 303 cruciatibus
407 276 613 309 acerbissimis;
631 277 705 304 illinc
723 278 908 305 comtuoriens
919 279 960 306 ei-

175 323 236 348 detn
265 326 363 353 malcr,
392 329 487 356 meque
505 330 556 356 qua
573 323 708 358 exemplo,
724 331 776 359 qua
796 331 889 352 amore
917 325 959 352 sui

174 368 299 394 eumdem
319 368 346 394 in
360 375 454 395 casum
470 373 569 402 sponte
585 369 724 396 incitatam
748 375 874 399 tranens.
887 371 960 404 Quo-

175 420 282 446 t‘uttquc
296 412 379 446 igitur
393 420 438 439 me
451 418 596 446 verterem,
613 415 718 448 perdita
728 416 838 444 omnia:
854 416 961 450 lataque

174 462 202 484 et
217 458 373 485 saevissimis
384 459 492 485 horrida
505 460 632 487 ﬂuctibus
651 461 734 488 maria
749 462 822 489 velut
837 463 959 497 quaedam

174 503 364 531 occurrebant.
378 503 509 538 Rapit-bat
522 506 555 532 ad
570 513 631 533 sese
646 511 735 534 tamen
752 515 848 542 meque
865 508 961 544 allige-

175 547 222 573 hat
252 547 302 574 sibi
333 547 416 575 cladis
441 549 498 583 ipse
530 549 590 578 fotts
613 551 702 578 omnis
721 553 856 580 emoriens
872 559 958 588 paler.

175 592 252 620 lluuc
281 594 415 626 intuebar,
452 594 525 622 hunc
540 597 692 629 servabam.
719 598 782 625 huic
807 604 959 626 extremum

172 638 228 673 jam
255 646 326 672 aegre
356 639 506 667 anhelitum
525 641 642 669 trahenti
658 648 786 670 constans
798 644 958 679 obsequium

175 684 210 716 pii
224 684 369 712 ministerii
386 687 627 720 repra'seutabam,
641 696 738 723 nempe
754 690 777 716 is
792 691 874 717 animi
891 691 959 718 deli-

173 730 267 763 quium
293 731 318 757 in
339 738 438 758 novum
462 732 554 766 lapsus
570 735 710 769 satagendi
734 742 844 763 causam
866 737 958 767 dabat,

175 784 236 803 mox
263 777 439 810 exspiraturi.
458 778 484 804 ui
500 786 717 814 succurreretur,
731 782 849 817 speciem
865 784 958 817 pratfe-

175 829 247 848 rcns.
264 823 384 849 Accessit
399 823 430 850 ad
444 829 524 858 caput
534 824 632 852 iterum
647 826 809 854 charissima
829 836 958 862 germana

173 873 234 893 mra
263 866 494 903 Porphyrogcuita
523 869 617 904 Maria,
638 877 666 898 et
694 873 766 907 quod
794 874 870 908 prius
897 882 958 900 cum

821 176 934 207 ANN/E
952 176 1141 207 COMNENE

178 229 341 257 miserabilis
357 229 463 257 furendi
477 237 559 257 causa
571 231 635 258 hinc
654 230 773 258 animam
787 239 872 266 agens
889 240 910 267 p:

654 230 773 258 animam
787 239 872 266 agens
889 237 965 267 pater
980 233 1001 262 Δ
1018 232 1064 258 καὶ
1083 233 1133 259 οὐχ
1148 230 1221 266 εἶχαν
1239 232 1279 258 ὅτι
1320 251 1328 258 .
1367 251 1373 258 .

1743 175 1811 208 ωλι

1419 252 1426 258 .
1465 241 1515 266 μαι
1525 231 1574 258 καὶ
1589 233 1627 268 πῆ
1642 232 1808 267 τράπωμαι,

1013 278 1104 314 ὸρῷσα
1120 278 1170 310 τήν
1195 285 1225 302 τε
1265 297 1272 304 .
1312 296 1319 303 .
1357 276 1390 303 δα
1413 278 1452 308 εἰς
1474 277 1520 303 τὸν
1547 277 1647 304 πόντον
1665 277 1807 312 ἐμϐεϐλη-

1015 325 1099 358 μένην
1119 323 1174 349 τῶν
1194 322 1360 357 συμφορῶν
1391 323 1437 349 καὶ
1455 323 1501 349 τὸν
1520 323 1725 357 αὐτοκράτορα
1750 325 1806 355 ταῖς

1418 369 1457 400 εἰς
1481 368 1633 404 τοῠσχατον
1660 369 1716 403 τῆς
1739 369 1808 403 ζωῆς

1013 415 1203 449 ἐλαυνόμενον.
1251 415 1333 441 Ἀλλὰ
1370 414 1417 440 καὶ
1455 432 1464 441 .
1512 434 1520 442 .
1558 433 1568 441 .
1615 434 1624 441 .
1664 415 1748 449 αὐτῷ
1787 415 1809 431 ⁸⁸

1012 461 1223 497 ἑπιρῤανοέντος
1236 460 1340 496 ψυχροῦ
1354 461 1402 487 καὶ
1414 461 1460 486 τοῦ
1475 461 1529 487 τῶν
1541 461 1628 495 ῥόδων
1643 461 1807 495 σταλάγμα-

1014 517 1061 540 τος
1096 508 1171 542 παρὰ
1189 508 1238 542 τῆς
1259 508 1391 541 φιλτάτης
1407 507 1477 542 ἐμῆς
1495 507 1614 542 ἀδελφῆς
1630 507 1761 541 Μαρίας,
1776 509 1809 534 τὰ

1012 552 1082 579 αὐτὰ
1104 553 1150 578 καὶ
1167 553 1231 586 περὶ
1252 552 1308 578 τῶν
1326 551 1416 578 αὐτῶν
1439 552 1597 587 ἐπέσκηπτε
1609 554 1645 586 τῇ
1673 552 1807 587 βασιλίδι,

1012 598 1061 625 καὶ
1079 598 1164 624 πάλιν
1182 599 1224 630 εἰς
1240 599 1337 632 τρίτην
1352 598 1535 632 λειποθυμιαν
1553 598 1713 625 ἐνέπιπτεν
1754 619 1762 627 .

1059 664 1066 671 .
1107 645 1154 671 καὶ
1179 644 1347 679 μετάστασις
1368 643 1442 676 ἔδοξε
1465 645 1498 679 τῇ
1519 644 1652 679 βασιλικῇ
1678 644 1762 681 κλίνῃ
1800 665 1806 671 .

1012 710 1021 718 .
1060 711 1066 717 .
1106 689 1160 716 τῶν
1178 689 1251 724 ἀμφὶ
1274 689 1306 715 τὸ
1325 689 1407 723 σῶμα
1426 690 1531 716 ἐκείνου
1551 689 1731 717 πονούντων.
1756 691 1807 717 Καὶ

1012 743 1046 768 με
1085 755 1092 761 .
1133 753 1141 760 .
1182 755 1189 761 .
1229 734 1276 760 καὶ
1298 734 1510 768 μετεστήσαμεν
1533 734 1581 760 τὶν
1604 735 1807 769 αὐτοκράτορα

1010 780 1158 813 κλινοπετῆ
1197 799 1204 805 .
1246 799 1253 806 .
1292 799 1299 806 .
1340 779 1424 814 μέρος
1447 779 1544 814 ἕτερον
1560 779 1610 805 τοῦ
1631 781 1807 813 πεντορόςω

1009 826 1196 861 οῑκήματοςεῑ
1211 825 1261 852 πού
1277 834 1308 860 γε
1347 845 1355 853 .

1011 881 1092 907 τερον
1113 872 1328 899 ἀναπνεύσαντα
1351 872 1420 907 ἀέρα
1444 872 1493 906 τῆς
1525 871 1565 898 λει
1605 892 1613 899 .

1014 369 1110 404 συνεχέ
1116 378 1140 396 τι

1590 827 1615 852 οι
1641 826 1807 861 Reub-spuis-

1657 891 1666 899 .
1708 873 1806 903 Burin;

174 918 302 939 successu
322 917 484 946 teutavcrat,
502 914 626 950 frigidam
654 917 781 951 inspersit
796 919 889 952 vultui,

1071 919 1181 951 rsyxsiv.
1216 917 1369 944 ’Λπέὸλεπε
1392 917 1446 950 γὰρ
1462 916 1493 943 τὸ
1511 917 1596 951 μέρος
1618 918 1718 944 ἐκεῖνο
1739 919 1803 953 πρὸς

173 963 342 993 quatumque
361 967 376 986 e
395 960 464 987 rosis
484 969 604 989 succum
622 962 647 988 in
663 970 703 995 os,
719 970 747 990 ut
766 965 850 998 prius,
868 965 958 992 instil-

174 1003 249 1031 iavit.
269 1004 317 1032 llic
343 1006 417 1033 brevi
437 1012 577 1035 recreatus
602 1008 745 1036 intervallo
774 1016 860 1044 pater,
875 1011 958 1037 intui-

174 1052 271 1083 tusque
285 1059 346 1084 nos,
359 1059 391 1078 ac
407 1059 455 1087 pro
468 1060 517 1079 sua
537 1058 679 1080 constante
693 1054 725 1080 ad
738 1059 888 1081 extremum
910 1062 957 1082 tto-

173 1096 221 1122 stri
249 1096 392 1129 charitale,
422 1098 534 1132 paribus
564 1099 709 1126 admodum
728 1101 817 1128 vetbis
842 1109 902 1128 cttm
923 1102 956 1128 iis

172 1148 231 1174 quae
251 1142 329 1175 paulo
345 1147 407 1169 ante
423 1144 577 1176 retulimus,
596 1150 711 1173 matrem
734 1153 836 1180 nosque
853 1146 956 1174 allocu-

173 1191 227 1218 tus,
245 1187 351 1214 tertiam
381 1189 407 1215 itt
423 1189 602 1216 defectionem
626 1190 732 1223 ittcidit,
749 1191 792 1218 cui
806 1193 954 1219 remedium

172 1233 319 1260 mutatione
345 1234 474 1267 cubiculi,
491 1235 721 1271 translationeque
749 1237 810 1265 lecti
828 1246 955 1273 quaeren-

171 1278 235 1304 dum
264 1287 394 1307 censuere
408 1281 454 1314 qui
481 1281 553 1309 circa
570 1289 670 1316 :cgrnm
688 1283 732 1309 tali
762 1283 821 1311 loco
838 1286 954 1318 positum

171 1323 313 1351 curabant.
328 1324 586 1359 Transportavimtts
599 1326 681 1360 igitur
698 1327 849 1362 Augustum
865 1328 890 1355 in
908 1337 954 1355 t-u-

170 1370 218 1396 bili
249 1378 328 1404 super
355 1379 409 1405 quo
426 1372 547 1406 iacebat.
564 1373 590 1400 in
608 1378 711 1408 partem
734 1375 846 1401 alteram
865 1375 955 1409 palatii

171 1416 291 1450 quinque
305 1417 421 1450 fastigiis
448 1416 575 1453 insignis,
589 1419 615 1448 iu
630 1428 684 1454 quo
703 1425 767 1447 tunc
780 1422 954 1448 versabatur.

172 1461 238 1488 Erat
255 1463 326 1489 enim
344 1463 387 1489 illa
401 1463 484 1490 altera
498 1471 561 1498 pars
574 1465 607 1492 ad
625 1465 759 1493 salubrius
773 1466 886 1494 obversa
900 1475 956 1495 coe-

172 1507 248 1540 lum,
270 1509 466 1543 Srptenlriones
493 1515 635 1544 spectans;
663 1519 712 1539 nec
745 1517 882 1546 portarum
910 1518 955 1540 aut.

1009 963 1122 998 βορρᾶν.
1141 963 1196 989 Καὶ
1215 963 1357 997 οἰκήματα
1375 962 1494 997 οὐδαμοῦ
1508 960 1580 997 ἧταν
1601 963 1652 990 ὲπι
1704 984 1713 991 .
1753 985 1760 992 .
1796 985 1803 990 .

1008 1010 1105 1036 (toﬁna
1124 1011 1184 1040 ταῖς
1208 1009 1316 1044 θύραις.
1342 1009 1414 1035 Ἀλλ’
1435 1011 1448 1036 ὁ
1472 1010 1520 1042 τῆς
1545 1009 1692 1043 βασιλείας
1719 1011 1804 1038 Stibo—

1006 1064 1053 1090 χος
1076 1055 1114 1088 (8)
1137 1054 1301 1088 προφθάσας
1318 1054 1431 1089 ὑπεξῄει
1446 1055 1516 1089 πρὸς
1537 1055 1568 1081 τὸ
1594 1056 1804 1091 ἀποτεταμένον

1006 1101 1110 1135 οἴκημα.
1132 1100 1179 1126 τὸν
1202 1099 1249 1125 τοῦ
1273 1099 1406 1133 βασιλέως
1432 1099 1562 1132 ἐπιγνοὺς
1585 1101 1658 1126 ἀναν
1701 1121 1709 1128 .
1751 1121 1758 1128 .
1795 1121 1802 1128 .

1006 1146 1053 1172 καὶ
1071 1145 1223 1172 ὲπέσπευδε
1245 1145 1296 1180 τὴν
1315 1144 1466 1177 ὲξέλευσιν.
1492 1145 1547 1171 Καὶ
1572 1146 1710 1179 ἐπείγετο
1749 1165 1756 1173 .

1110 1191 1182 1226 μέγα
1218 1190 1362 1217 παλάτιον.
1393 1190 1426 1217 Ἦ
1456 1190 1535 1222 πόλις
1558 1190 1587 1216 δὲ
1617 1191 1649 1217 τὸ
1672 1191 1801 1226 τηνικάδε

1289 1235 1429 1272 ἐταράχθη
1463 1237 1530 1271 γὰρ,
1565 1237 1596 1262 οὐ
1625 1236 1734 1271 μέντοι
1756 1237 1801 1263 καὶ

1320 1303 1327 1315 ,
1366 1283 1382 1317 ἡ
1399 1282 1427 1308 δέ
1447 1290 1478 1316 γε
1499 1282 1608 1317 βασιλὶς
1624 1283 1756 1318 ὲῤῥὶφθω
1769 1284 1803 1310 τὰ

1477 1348 1484 1356 .
1523 1327 1648 1354 κοχωτοῦ
1683 1329 1720 1360 ⁸³,
1756 1331 1799 1355 καὶ

1007 1284 1183 1310 παντάπασιν
1221 1301 1229 1309 .
1269 1303 1276 1311 .

1008 1329 1097 1355 πάντα
1127 1330 1173 1354 ait:
1210 1347 1218 1355 .
1259 1347 1267 1354 .
1314 1348 1321 1356 .
1368 1347 1376 1355 .
1422 1346 1431 1355 .

1005 1375 1124 1408 διάδημα
1147 1375 1194 1400 καὶ
1219 1374 1346 1409 βασιλεία
1384 1393 1391 1401 .

1007 1420 1098 1454 θρόνοι
1113 1429 1141 1446 τε
1163 1422 1211 1446 καὶ
1228 1421 1314 1455 ἀρχαὶ
1351 1439 1359 1447 .
1399 1439 1406 1446 .

1008 1464 1112 1491 κώκυον
1139 1465 1237 1492 δὲκαὶ
1275 1485 1281 1492 .
1323 1485 1330 1492 .

1008 1519 1070 1537 συνε
1076 1511 1189 1537 πένθουν

1481 1393 1488 1401 .
1527 1375 1632 1409 κράτος
1652 1375 1732 1402 ἅπαν
1755 1378 1799 1402 καὶ

1448 1439 1455 1447 .
1493 1420 1659 1455 θρηνῳδὶας.
1679 1422 1799 1448 Συνεπςο

1370 1485 1377 1492 .
1417 1487 1424 1494 .
1463 1467 1718 1500 καταφρονήσασα.
1747 1466 1798 1493 Καὶ

1353 1532 1360 1538 .
1405 1512 1452 1538 καὶ
1485 1511 1663 1544 ἐσπάραττον
1701 1512 1797 1542 ἑαυτάς

171 1559 354 1582 Istrttctarutn
369 1556 429 1584 ullis
452 1557 575 1584 obicibus
585 1558 682 1585 aedium
694 1566 725 1584 ac
740 1559 848 1586 molium
863 1567 903 1594 ap]

1064 1557 1102 1582 »δν
1117 1557 1270 1592 ἀνοιμώζου
1309 1576 1316 1584 .
1357 1577 1364 1584 .
1403 1576 1412 1585 .
1450 1576 1459 1585 .
1498 1577 1506 1584 .
1544 1557 1584 1587 εἰς
1599 1556 1724 1591 δύναμιν
1740 1560 1796 1583 ἁνι-

171 1609 222 1629 sus
250 1602 276 1628 itt
302 1610 360 1628 eam
386 1609 458 1630 anne
474 1603 591 1637 purioris
615 1603 818 1638 prohibebatur.
844 1604 953 1632 interim

169 1655 238 1673 vero
257 1648 319 1673 dum
343 1655 391 1681 spe
407 1648 554 1682 recipiendi
576 1656 592 1676 ο
616 1656 686 1676 uovo
708 1650 760 1677 isto
775 1656 956 1685 symptomate

173 1693 344 1725 imperatoris
358 1693 384 1720 in
409 1701 442 1721 eo
461 1695 671 1728 transportando
689 1695 879 1729 moliehamttr,
893 1704 956 1724 suc-

172 1744 266 1764 Cesser
297 1738 402 1772 imperii
418 1744 509 1766 actunt
530 1740 562 1767 de
578 1740 630 1767 vita
661 1741 814 1769 decessoris
831 1742 898 1768 satis
913 1742 955 1769 in-

172 1783 308 1818 telligens,
327 1784 396 1811 ciant
424 1784 531 1819 elapsus
557 1792 591 1812 ex
617 1786 649 1813 iis
674 1786 778 1813 aedibus
807 1786 834 1813 in
855 1787 954 1821 quibus

171 1837 242 1864 ager
260 1830 437 1858 decumbebat
452 1832 598 1866 Augustus,
616 1839 742 1866 magnum
762 1833 892 1867 palatium
909 1841 957 1861 oc-

171 1882 273 1909 cupare
302 1876 456 1904 festinavit;
479 1877 633 1904 admirante
652 1877 774 1912 quidem,
791 1881 818 1905 et
832 1878 955 1911 aliquan-

172 1926 228 1948 tum
249 1926 396 1954 commota,
419 1921 519 1949 nullam
535 1927 623 1949 tamen
641 1923 693 1950 vim
716 1924 877 1956 expedieute
888 1925 955 1951 civi.

174 1972 239 1995 tate.
256 1967 318 1994 Fuit
333 1967 391 1994 haec
402 1968 493 2002 gravis
508 1968 628 1995 accessio
637 1969 669 1996 ad
685 1968 820 1996 aru'utnas
831 1970 957 2004 Augusta

174 2013 288 2047 priores.
303 2012 395 2039 Palam
409 2018 469 2040 erat
484 2013 536 2040 alia
549 2014 674 2049 deinceps
686 2015 712 2042 in
730 2023 820 2049 manu,
836 2016 896 2043 aliis
909 2017 958 2043 ad-

174 2058 384 2086 ministrandam
402 2059 523 2086 consiliis
535 2067 689 2094 supremam
710 2061 952 2095 fore‘poteslatcm,

174 2113 235 2133 sese
250 2113 310 2132 mox
326 2105 408 2132 simul
423 2106 572 2133 orbandam
591 2107 716 2142 conjuge,
730 2107 809 2134 simul
834 2108 958 2141 redigen-

174 2153 235 2180 dam
255 2153 281 2179 in
302 2153 481 2184 ordinem;et
500 2153 638 2181 viduitatis
663 2154 763 2180 malum
778 2161 824 2188 per
836 2160 868 2181 se
884 2154 956 2180 into-

1006 1603 1164 1637 λαυνόμεθα
1192 1603 1296 1638 ταύτην
1327 1604 1373 1630 ἐπὶ

1005 1651 1101 1680 πνοαῖς
1118 1650 1131 1675 ὸ
1150 1649 1279 1684 βασιλεὺς
1293 1648 1338 1685 ἦν.
1354 1650 1408 1676 Καὶ
1448 1670 1455 1677 .

1004 1695 1137 1730 χορῤάγει
1167 1695 1235 1729 arpi;
1264 1695 1298 1729 τῇ
1332 1694 1438 1729 κεφαλῇ
1484 1714 1491 1722 .
1536 1715 1544 1722 .
1590 1713 1598 1721 .
1641 1714 1648 1720 .
1696 1695 1748 1729 τῆς
1781 1694 1795 1728 ἡ

1006 1740 1113 1776 βασιλὶς
1128 1740 1243 1776 ἔρριπτο
1267 1740 1307 1766 ἔτι
1333 1740 1513 1775 ἀμπεχομένη

1005 1785 1054 1812 καὶ
1076 1785 1110 1812 τὰ
1132 1784 1274 1819 κοκοϐαφῆ
1301 1785 1324 1821 '_'
1349 1784 1445 1811 πέδιλα
1471 1784 1518 1810 καὶ
1535 1784 1602 1810 ὲπα-
1642 1803 1650 1810 .
1694 1803 1702 1811 .
1742 1803 1749 1810 .
1787 1803 1793 1810 .

1006 1831 1254 1864 κατετετρὼσκετο.
1283 1830 1337 1856 Καὶ
1369 1830 1418 1856 οὔκ
1445 1828 1517 1864 εἶχεν
1544 1830 1623 1860 ὅπως

1007 1877 1164 1912 φλεγμονὴν
1177 1877 1225 1910 τῆς
1242 1876 1369 1910 καρδίας.
1391 1876 1452 1903 Τῶν
1465 1876 1495 1901 δὲ
1534 1895 1542 1902 .

1009 1923 1176 1958 στρέψαντες
1193 1922 1274 1949 πάλιν
1292 1923 1338 1948 καὶ
1363 1922 1461 1956 μικρὸν
1481 1923 1551 1954 ὲγκα
1591 1941 1598 1947 .
1641 1941 1648 1948 .

1006 1970 1156 2004 ἁπτόμενοι
1167 1969 1214 1996 τοῦ
1227 1968 1336 2004 καρποῦ
1351 1969 1398 1994 τοῦ
1412 1968 1553 2003 βασιλικοῦ
1569 1969 1585 2002 ἡ
1627 1987 1635 1994 .
1677 1989 1685 1995 .
1725 1968 1791 1994 ἐκεί-

1010 2016 1142 2050 penliuut,
1167 2019 1193 2041 ct
1217 2021 1312 2049 pectus
1327 2014 1533 2048 plangentium;
1556 2015 1624 2041 nihil
1647 2018 1726 2048 pensi
1741 2022 1788 2043 Iunt

1007 2061 1114 2096 quidem
1132 2061 1235 2088 habens
1263 2066 1309 2086 aut
1321 2059 1498 2095 philosophia:
1514 2061 1635 2087 rationes
1651 2069 1721 2095 quas
1735 2069 1790 2096 sug-

1005 2107 1116 2140 gerebat
1134 2107 1260 2138 animus;
1288 2111 1334 2132 aut
1357 2104 1557 2132 admonitiones
1587 2106 1788 2140 intempestivas

1007 2153 1190 2180 moderatiotte
1207 2152 1232 2179 in
1244 2155 1344 2179 int-tum
1359 2151 1403 2178 tali
1416 2151 1661 2186 prtescribcntintn,
1672 2153 1787 2188 aliquau-

1533 1623 1540 1630 .
1585 1604 1707 1637 σχάταις
1736 1605 1797 1630 ἁτε·

1683 1875 1793 1901 ,ὐπο-

173 2195 294 2228 ierabiie,
326 2196 463 2224 servitutis
497 2204 603 2230 quoque
624 2204 655 2224 ac
680 2202 789 2224 mutata:
816 2198 906 2225 subito
921 2205 954 2225 ex
972 2199 1044 2243 Ddo
1072 2203 1172 2230 tamen,
1198 2197 1333 2224 charitate
1360 2197 1454 2223 matris
1475 2197 1611 2224 admonita
1637 2199 1788 2225 confirmed

174 2249 281 2269 summo
294 2241 321 2268 in
333 2241 453 2268 infimum
465 2243 628 2269 conditionis
639 2243 737 2269 damno
752 2243 956 2271 cumulandum.

174 2286 234 2314 Non
249 2287 304 2321 jam
322 2294 387 2320 ergo
405 2287 492 2314 virum
519 2287 606 2314 solum
622 2288 719 2315 afﬂicta
741 2288 813 2316 luctu
840 2289 957 2324 Augusta

175 2333 345 2369 deplorabat,
360 2334 406 2360 sed
423 2333 566 2368 imperium
587 2339 715 2368 praetcrea
735 2343 766 2362 ac
780 2335 959 2370 principalem

175 2378 364 2406 auctoritatem
377 2387 384 2411 ;
403 2379 553 2414 harumque
565 2387 654 2406 rerum
669 2379 785 2415 insignia
801 2387 959 2414 purpuram,

175 2425 310 2456 diadema,
337 2425 452 2457 solium;
470 2429 536 2459 quot
551 2428 704 2459 quantaque
727 2431 883 2460 argumenta
902 2433 955 2453 non

175 2471 428 2505 reprehensibilium
449 2471 652 2506 lacrymarum!
679 2471 762 2508 τιοά
794 2472 885 2506 Itaque
913 2472 957 2499 illa

175 2516 333 2551 indulgente
358 2515 443 2543 dolori
462 2515 546 2550 justo,
561 2516 717 2551 nullumque
745 2525 797 2543 tton
827 2517 957 2544 indicium

177 2562 290 2589 extremi
322 2562 448 2589 mteroris
475 2561 589 2596 ejulatu,
617 2561 692 2594 ﬂetu,
720 2563 838 2596 planctu,
871 2563 959 2597 palam

176 2609 283 2641 edente,
314 2608 532 2636 obsecundabam
563 2616 613 2643 ego
640 2616 749 2644 quoque
778 2609 805 2636 in
830 2609 960 2637 omnibus

176 2657 296 2686 strenue,
310 2661 496 2688 praeeramque
510 2653 594 2681 choro
617 2655 782 2688 gementium
798 2654 859 2682 altis
872 2655 960 2688 suspi-

177 2700 236 2732 riis.
256 2706 402 2734 comasque
416 2706 524 2728 mecum
542 2707 575 2727 ac
595 2704 684 2728 vestes
702 2700 726 2727 vi
741 2700 841 2727 doloris
856 2700 959 2727 discer-

1011 2251 1070 2276 tne;
1087 2243 1268 2276 conjunxiqtte
1289 2249 1398 2276 operam
1427 2249 1487 2268 cum
1513 2242 1670 2268 astantibus
1695 2244 1728 2268 ad
1746 2244 1790 2268 An-

1008 2293 1114 2324 gustam
1133 2296 1165 2316 ex
1193 2288 1370 2315 acerbissimo
1385 2287 1438 2315 isto
1450 2295 1567 2314 mcerorc
1590 2288 1682 2322 quoad
1707 2289 1790 2316 liceret

1009 2335 1196 2362 recreandum.
1226 2334 1261 2361 At
1276 2342 1339 2361 ecce
1362 2333 1462 2360 frustra
1487 2334 1513 2360 id
1528 2334 1695 2361 conantibus
1712 2334 1790 2363 nobis,

1008 2379 1081 2407 oculi
1110 2380 1232 2407 onmium
1258 2384 1391 2412 nostrum,
1409 2384 1438 2406 ut
1457 2379 1512 2406 fere
1537 2385 1649 2412 semper
1675 2384 1753 2406 erant
1770 2380 1790 2405 in

1011 2432 1092 2452 unum
1115 2425 1209 2452 intettti
1234 2425 1439 2460 deprehendunt
1468 2424 1619 2459 Augustum
1657 2430 1792 2452 extremos

983 2472 992 2481 '
1006 2470 1063 2505 jam
1078 2478 1150 2505 agre
1160 2470 1296 2498 anhelitus
1313 2470 1432 2497 trahere.
1448 2469 1574 2497 Accurrit
1590 2469 1624 2496 ad
1645 2476 1728 2504 caput
1742 2469 1790 2497 la-

1008 2515 1048 2542 ria
1061 2522 1149 2548 soror,
1165 2520 1296 2542 consueto
1309 2515 1360 2542 sibi
1379 2514 1540 2546 ministerio,
1553 2513 1631 2548 quasi
1648 2519 1787 2548 exceptura

1008 2561 1154 2596 fugientem
1170 2561 1299 2588 animant.
1325 2560 1486 2595 lmperatrix
1503 2567 1570 2586 vero
1595 2560 1687 2594 regias
1706 2563 1787 2586 restes

1009 2607 1082 2635 hutni
1104 2607 1210 2640 abiecta
1239 2606 1389 2638 lacerabat,
1411 2605 1575 2639 calceosque
1591 2605 1691 2632 rubros
1707 2611 1786 2631 etra-

1007 2657 1063 2680 tera
1081 2653 1154 2679 velut
1179 2652 1236 2686 jam
1254 2651 1322 2678 falsa
1349 2651 1448 2678 indicia
1467 2650 1608 2684 dignitatis
1621 2651 1734 2685 perdita
1743 2651 1785 2678 ςιδὶ

1007 2699 1126 2726 avellens
1147 2699 1179 2724 :vb
1196 2705 1255 2725 δρία
1276 2697 1415 2731 jactahat;
1435 2700 1508 2723 tanto
1533 2701 1608 2724 motu
1625 2702 1747 2732 astuque
1762 2702 1786 2723 ut

691 2755 790 2787 Variae
804 2755 962 2786 lectiones
977 2761 1016 2785 ex
1035 2755 1106 2785 cod.
1119 2754 1254 2785 COlblin.

214 2803 237 2819 "
251 2804 318 2832 ἀλλὰ
337 2805 383 2831 καὶ

401 2825 408 2831 .
424 2824 431 2832 .
451 2806 573 2837 ,ἐκεῖνος
587 2806 738 2840 ἀνενέγκας
750 2807 798 2841 τῆς
813 2807 944 2841 δευτέρας
966 2805 1157 2839 λειποουμῐας.
1170 2824 1177 2832 .

1199 2804 1282 2839 αὐτῷ.
1311 2804 1333 2820 ⁸⁸
1346 2805 1481 2832 κωκυτοῦ.
1518 2804 1542 2821 ³⁵
1553 2805 1728 2840 κοκκοεαφῆ.

693 2852 764 2884 Car.
781 2852 944 2883 Dufrcsnii
960 2853 1009 2883 Du
1029 2851 1138 2891 Cangii
1164 2854 1259 2881 notua.

216 2899 252 2933 t3;
286 2901 306 2926 Ο
331 2899 384 2934 τῆς
396 2901 555 2936 ,ϐασιλείας
571 2901 718 2937 διάδοχος.
737 2901 803 2931 Vide
819 2902 948 2930 Zonaer

749 2901 803 2931 fide
819 2902 952 2930 Zonarum
973 2903 1000 2931 in
1021 2901 1123 2933 Alexio,
1141 2905 1167 2929 et
1183 2899 1305 2929 Nicetam
1323 2900 1351 2928 in
1368 2899 1481 2929 Joanne.
