1854 3029
61 131 152 165 1213

62 189 165 216 silum
196 189 331 216 interdum
358 189 457 224 signet.
484 189 513 217 id
533 190 656 218 cernitur
673 190 699 216 in
721 189 767 217 illo
784 188 872 223 Virgi-

65 234 104 262 lii
125 235 166 270 (11
178 235 285 271 Gecrg.)
299 244 307 263 :

114 294 169 320 Aut
180 301 244 327 quos
262 292 366 320 Oceano
382 293 488 326 propior
496 295 561 327 gerit
578 293 655 321 India
672 294 754 324 lucos.

117 327 242 355 Extremi
255 329 329 354 sinus
347 329 415 354 orbis
430 336 439 355 :
454 329 496 354 ubi
512 337 572 355 nera
587 330 688 356 vincere
703 337 832 356 summum

118 363 229 389 Arboris
245 367 291 389 aut
303 362 365 390 ulla
377 363 452 397 jar-tu
464 369 568 395 patuere
581 365 693 396 sagitt/1'.

121 398 156 424 Et
171 406 232 432 gens
242 398 288 424 illa
305 399 411 433 quidem
430 400 542 433 sumptis
558 407 609 425 non
629 399 708 426 tarda
729 399 871 434 pharetris.

78 455 140 483 Aer
156 463 277 483 summus
291 456 398 483 arboris
422 460 464 483 est
487 462 626 484 extremus
651 464 717 490 apex
736 462 873 483 ramorum

79 507 118 528 ac
130 500 265 527 frondium
281 501 412 528 altissime
433 509 581 537 exsurgens
596 510 676 537 supra
701 502 795 528 silvam
811 501 875 528 reli-

82 553 184 581 quam.
202 546 234 573 Et
250 546 292 574 his
314 547 497 580 conjecturam
513 548 630 581 capienti
645 548 679 575 de
698 548 757 575 loco
772 547 817 582 qui
835 551 876 574 est

81 593 115 619 in
133 593 259 620 manibus
275 594 360 620 videri
378 597 484 626 poterat
509 601 555 621 aer
584 594 684 621 montis
702 600 762 621 esse
783 600 878 626 Supre-

81 645 150 665 mus
167 638 226 671 eius
241 643 345 665 vertex.
368 638 466 665 Verum
486 638 627 667 intercedit
645 639 706 665 huic
728 637 875 670 suspicioni

80 682 238 709 ἀκολουθία
253 683 309 716 ipsa
326 683 376 710 loci
390 688 416 710 et
433 684 502 710 ratio
513 684 663 714 sententia',
676 690 734 716 qure
750 682 832 717 exigit
848 687 876 708 ut

82 733 137 754 aer
155 726 336 760 Malagnorum
348 728 444 754 sitnon
457 728 606 755 editissima
623 728 721 754 montis
731 727 788 760 eius
803 734 876 760 pars,

82 773 136 801 sed
152 774 219 800 mari
237 772 323 800 vicina
352 773 479 806 maxime,
498 774 699 806 imminensque
713 778 874 806 opportune,

82 825 210 847 rostrum
224 820 355 853 quoddam
372 824 415 846 aut
431 824 510 855 caput
531 819 707 852 protnontorii
724 820 757 845 ad
783 818 878 852 appul-

86 867 197 894 sionem
225 866 443 900 solutionemque
473 866 593 895 navium.
621 865 717 893 Statim
744 865 876 900 siquidem

85 912 201 939 additur
217 911 365 946 Augustum
384 912 465 939 simul
485 912 566 939 istum
586 920 670 938 aerem
689 911 788 945 attigit,
806 910 878 945 regia

86 966 202 986 monere
216 959 296 985 missa
317 959 512 993 imperatricem
532 959 557 985 in
579 966 640 985 arce
653 957 788 985 maritima
801 964 878 983 com-

86 1009 242 1032 mOrautem
255 1003 458 1031 accersivisse:
483 1004 512 1030 Ὀ
529 1004 654 1038 βασιλεὺς
684 1003 742 1038 ἅμα
770 1003 809 1037 τῷ
833 1003 879 1028 τὸν

89 1049 164 1084 ἀέρα
178 1050 350 1078 καταλαϐεῖν.
363 1050 408 1077 διὰ
421 1050 469 1077 τοῦ
480 1049 621 1085 βᾶσαικώ
646 1050 781 1084 μονήρους
796 1056 880 1083 μετα-

88 1098 233 1130 πέμπεται
253 1097 302 1132 τὴν
328 1096 498 1131 Λύγούσταν.
514 1095 581 1127 imo,
597 1101 622 1122 ut
636 1100 757 1130 apparet,
777 1102 809 1122 eo
821 1095 878 1128 ipso

91 1144 186 1171 animo
197 1151 228 1171 ac
242 1151 289 1178 spe
300 1143 472 1170 conficiendae
483 1142 679 1177 deportationis
698 1142 777 1176 hujus
790 1143 877 1167 locum

88 1191 176 1218 istum
184 1190 317 1218 insederat
326 1191 471 1224 imperator
482 1195 526 1217 :ut
538 1189 579 1216 vel
590 1189 650 1216 inde
661 1189 725 1216 satis
735 1187 879 1215 verisimile

89 1239 130 1266 sit
146 1245 234 1265 aerem
251 1242 375 1264 vocatum
385 1235 562 1271 promontorii
573 1234 743 1262 excurrentis
760 1234 786 1260 in
806 1240 880 1259 mare

91 1287 175 1317 caput
189 1283 306 1315 undique
317 1287 473 1316 portuosttm
490 1285 517 1308 et
530 1288 639 1307 accessu
662 1279 751 1306 facile.
770 1279 814 1305 Sic
830 1277 882 1304 Au-

91 1329 190 1357 sonius
204 1329 230 1355 in
241 1328 359 1360 Mosella,
376 1327 464 1362 templi
477 1334 564 1353 aerem
580 1331 655 1352 vocat
673 1333 724 1352 nou
740 1325 880 1359 quodcun-

92 1384 151 1413 que
179 1375 293 1402 medium
321 1375 437 1407 spatium
466 1373 536 1400 inter
553 1379 688 1400 cameram
703 1375 729 1397 cl
745 1370 882 1404 pavimen-

93 1428 156 1450 tum
173 1421 226 1448 fani
246 1430 253 1447 :
269 1421 315 1448 sed
327 1420 452 1454 insignite
467 1419 565 1446 nodum
578 1418 634 1444 sive
648 1416 803 1444 umbilicum
823 1422 881 1442 tne-

94 1468 151 1494 ἀίω
185 1465 294 1493 fornicis
325 1465 508 1500 prominenter
538 1467 687 1491 exstmttem
714 1470 729 1488 e
760 1466 882 1494 magnete

94 1511 186 1544 lapide
202 1511 228 1537 in
243 1510 359 1544 speciem
388 1509 468 1536 Cauri
500 1508 590 1535 ﬂantis
615 1507 786 1534 conforman
811 1514 818 1532 :
840 1506 882 1532 cui

94 1556 221 1590 opposita
242 1562 329 1583 statua
343 1556 430 1583 ferrea
445 1554 585 1585 Arsinoes,
611 1554 702 1580 innata
732 1553 757 1579 vi
789 1551 884 1585 lapidis

99 1601 227 1629 Herculei
260 1606 345 1628 tracta
373 1601 400 1628 in
429 1601 522 1632 altum,
550 1607 680 1633 suspensa
704 1599 885 1633 suspendebat

96 1649 204 1676 animos
219 1647 477 1680 admiralionemque
489 1649 672 1679 spectatorum
687 1645 790 1671 circum
809 1644 885 1670 hiau-

98 1696 167 1722 tium
183 1703 190 1722 :
204 1694 274 1727 quod
290 1693 405 1720 solidum
418 1694 522 1727 signum
539 1691 631 1726 gravis
656 1691 776 1717 materiae
792 1691 885 1717 admo-

102 1747 161 1768 tum
188 1747 286 1767 arcana
308 1739 332 1765 vi
364 1738 438 1765 tholo
462 1738 550 1766 medio
576 1737 718 1764 testudinis
745 1737 886 1763 delubrum

97 1793 217 1820 superne
231 1784 407 1819 conte-gentis,
420 1783 456 1810 ibi
472 1784 585 1811 h:ereret
601 1783 674 1810 nullo
693 1782 788 1813 fulcro,
803 1782 882 1808 talem

98 1831 242 1866 obiectans
260 1830 478 1865 suspectantihus
493 1830 612 1863 speciem
636 1829 711 1861 qua~i
731 1829 789 1856 solo
812 1829 887 1856 crine

100 1872 239 1904 inhaerens
253 1876 349 1903 nucleo
362 1883 476 1903 camera:
497 1876 577 1910 justm
604 1875 682 1901 tnolis
708 1875 796 1910 puella
827 1875 889 1902 inde

100 1923 244 1958 penderet.
263 1921 363 1949 Versus
373 1921 483 1948 Ausonii
495 1921 533 1948 sic
549 1921 650 1948 habent
668 1929 675 1947 :

138 1988 267 2014 Conditor
278 1988 320 2014 hic
337 1988 427 2021 forsan
447 1987 526 2021 fuerit
543 1985 719 2014 Ptolemnirlos
734 1987 804 2014 oulw

139 2023 312 2053 Dium/utres,
327 2025 429 2056 quat/ro
442 2023 484 2048 cui
503 2022 527 2048 in
541 2021 648 2055 fastigio
661 2030 725 2048 cono

138 2057 240 2091 Surgit,
256 2063 279 2083 et
295 2059 349 2091 ipsa
359 2065 421 2084 suas
435 2057 562 2084 consumit
576 2056 698 2090 Pyramis
715 2056 833 2084 umbras.

137 2092 233 2119 Jursus
247 2092 277 2118 ob
291 2093 381 2118 incesti
397 2092 441 2126 qui
454 2092 585 2126 quandam
606 2092 689 2125 [trdus
703 2091 800 2118 amoris

137 2128 265 2154 Arsinoen
284 2127 374 2153 Pharii
388 2128 520 2158 suspendit
540 2126 566 2152 iu
582 2135 641 2153 aere
662 2126 762 2158 templi.

138 2162 227 2194 Spirat
238 2162 306 2188 enim
320 2162 379 2187 lecti
394 2162 524 2188 testudine
536 2161 620 2188 Carus
637 2161 745 2188 Achates
759 2169 768 2188 .'

138 2196 402 2232 A/ﬂatamque.trahit
416 2195 513 2230 ferrato
530 2197 600 2223 crine
613 2196 738 2229 puellam.

105 2253 151 2281 Sic
172 2253 199 2280 in
215 2252 286 2288 pileo
301 2253 421 2287 despotae
438 2252 546 2280 Sciadio
558 2252 631 2280 dicto
646 2261 653 2280 :
671 2253 705 2280 de
726 2260 781 2288 quo
805 2252 885 2280 Codi-

105 2308 166 2331 nus,
183 2307 242 2334 cap.
259 2300 285 2331 3,
303 2306 376 2325 num.
390 2299 416 2330 1,
431 2306 492 2334 pag.
507 2298 551 2331 45,
567 2299 632 2326 edit.
647 2299 724 2333 Reg”
740 2299 794 2335 ἀὴρ
810 2307 891 2326 voca-

106 2351 150 2373 tur
160 2347 246 2372 nodus
261 2345 359 2380 ciuguli
372 2344 532 2373 clarissimis
543 2353 558 2371 e
569 2345 682 2378 gemmis
696 2346 891 2378 pretiosissimo

107 2395 183 2418 textu
202 2398 298 2417 nomen
321 2391 438 2424 despotaa
465 2390 548 2424 ipsius
571 2391 729 2425 inscriptum
752 2396 891 2420 ostentans

105 2437 272 2463 intuentibus
289 2441 393 2462 contra.
410 2435 473 2462 Erat
493 2436 564 2463 enim
581 2436 624 2463 ille
636 2438 721 2464 nodus
738 2437 892 2472 (Gretserus

105 2487 199 2509 noswr
225 2490 276 2508 non
299 2483 367 2508 male
395 2481 538 2508 umbonem
568 2482 659 2514 vertit,
689 2482 723 2509 ob
746 2485 889 2517 quamdam

104 2526 307 2554 similitmhncm
329 2526 450 2553 umbilici
466 2526 652 2561 clypeorum),
670 2532 739 2559 erat,
769 2527 890 2561 inquam,

104 2572 216 2606 pretiosi
234 2577 261 2599 et
272 2579 340 2598 auro
355 2571 394 2599 cla
402 2573 455 2599 vati
474 2573 642 2605 diadematis,
658 2580 712 2608 quo
729 2573 891 2600 redimieba-

105 2621 150 2643 tur
165 2616 250 2650 pileus
265 2616 395 2651 despotse,
417 2618 494 2652 quasi
517 2617 598 2645 fibula
624 2618 686 2650 ista,
707 2623 734 2645 et
758 2618 890 2645 etnblema

106 2662 347 2697 l’ulgentissimum,
363 2671 394 2690 ex
409 2664 545 2697 congestis
562 2664 728 2698 margaritis,
746 2664 770 2691 in
786 2669 888 2698 partem

105 2707 268 2735 anteriorem
285 2709 427 2736 obversum
445 2715 526 2744 atque
539 2711 606 2737 adeo
625 2710 745 2738 emicans
768 2718 783 2738 c
803 2711 891 2738 fronte

106 2761 221 2782 summa.
236 2753 294 2781 Non
313 2753 377 2782 facit
394 2755 447 2783 huc
459 2755 591 2783 notioalia
607 2755 723 2783 nominis
737 2757 801 2792 ἀὴρ,
815 2756 890 2790 juxta

107 2806 188 2834 quam
204 2799 290 2827 velum
316 2808 369 2835 quo
392 2805 485 2829 sancta
513 2803 670 2837 operiuntur
695 2802 721 2830 in
746 2803 823 2830 altari
844 2811 891 2830 aer

107 2844 217 2873 dicitur.
242 2845 349 2882 Colligit
373 2847 525 2876 testimonia
554 2847 696 2877 Meursius.
724 2848 772 2877 Cui
800 2849 890 2877 addo:

665 134 808 165 GLOSSA
815 136 852 164 Ri
861 135 917 165 UM
937 135 1122 168 ANNxEUM.

1642 137 1711 171 12H

923 191 1009 217 videri
1028 191 1171 218 indicatam
1199 192 1250 220 hoc
1267 193 1350 220 verbo
1370 193 1412 220 vel
1432 192 1608 220 subtilitatem
1625 191 1713 218 tenuis

921 243 953 262 ac
973 237 1083 270 pretiosi
1098 239 1178 270 panni
1196 247 1250 272 quo
1275 239 1332 265 vela
1352 239 1416 266 talia
1446 238 1626 269 constabant;
1659 244 1713 270 quo

923 289 997 308 more
1015 282 1145 314 ingeniosi
1171 284 1320 318 Scriptores
1345 284 1410 310 telas
1436 283 1628 311 sahtilissimas
1646 289 1713 308 ven-

923 329 966 353 tos
981 327 1096 356 textiles.
1114 332 1160 354 aut
1176 328 1287 355 nebulas
1303 329 1473 355 cohaerentes
1484 335 1582 354 vocare
1599 327 1686 353 solent
1703 335 1711 352 τ

924 372 965 398 vel
982 373 1131 400 adhibitum
1147 374 1208 405 huc,
1231 381 1327 400 nomen
1339 374 1402 410 ἀὴρ,
1416 379 1549 406 quatenus
1566 373 1709 406 caliginem

924 422 951 445 et
981 419 1107 445 tenebras
1130 424 1218 451 sonat,
1234 419 1266 445 ad
1280 419 1474 453 designandum
1501 418 1708 444 olmmbratioue
1733 420 1735 423 '

926 463 977 490 ista
994 465 1164 498 eontegentis
1186 465 1236 491 veli
1257 469 1397 499 angustam
1409 465 1483 491 velut
1503 463 1648 498 quamdam
1667 471 1712 489 ca—

925 508 1036 544 liginem
1067 510 1168 537 olTundi
1207 511 1361 545 mysteriis,
1394 515 1421 536 et
1454 517 1548 536 sacras
1591 508 1715 536 tenebras

926 555 1024 590 quibus
1039 555 1071 582 ad
1088 557 1289 583 venerationem
1305 556 1385 590 vulgo
1399 557 1632 583 commendentur.

961 602 1153 636 'Apg/pvuoc.
1178 601 1237 630 Lib.
1255 610 1313 634 vttt,
1329 607 1357 629 et
1372 601 1418 629 lib.
1444 609 1490 628 xtv
1512 610 1519 628 :
1545 601 1635 628 Genus
1658 600 1717 627 sine

927 649 1010 675 dubio
1035 649 1121 675 navis.
1153 647 1245 676 Videri
1279 654 1369 683 posset
1402 643 1591 680 corrigendum
1621 647 1715 681 ἀμφη-

929 696 1006 731 ρικὸς
1023 695 1184 728 antbiremis,
1203 703 1256 729 quo
1281 695 1362 721 verbo
1382 693 1553 729 Thucydides
1573 698 1613 719 est
1630 700 1715 719 usus:

928 742 978 769 nisi
996 742 1061 768 satis
1077 747 1206 776 expertus
1223 742 1260 768 uti
1276 742 1379 768 Annam
1396 740 1553 774 smpinscule
1577 739 1652 766 novis
1666 746 1714 765 vn-

927 788 1042 819 cabulis,
1075 788 1275 821 temperandam
1294 791 1430 821 putassem
1455 785 1575 812 critieam
1594 793 1716 811 manum.

928 833 997 865 Quin
1012 833 1092 859 ctiam
1107 840 1158 858 non
1173 839 1366 866 usquequaque
1380 830 1538 866 ἀμφηρικὸς
1550 830 1716 864 Thucydidis

929 879 961 904 ad
980 878 1060 912 hujus
1073 878 1123 906 loci
1139 878 1299 904 sententiam
1323 878 1397 904 facit.
1419 877 1466 904 llic
1487 877 1558 903 enim
1576 884 1618 903 res
1634 876 1718 909 exigit

929 925 980 952 hoc
1006 925 1087 950 verbo
1121 924 1232 959 intelligi
1251 932 1346 950 navent
1379 928 1499 958 apertam
1528 923 1656 955 undique,
1685 922 1719 948 ad

929 971 1137 1004 speculationem
1148 970 1260 1009 liberant
1273 970 1392 1004 riparum
1403 969 1500 1000 amnis,
1511 968 1604 1002 quales
1613 968 1718 1003 ἀμιξιρ-

930 1019 1021 1051 ρῶγας
1039 1017 1137 1044 Suidas
1153 1016 1301 1050 appellatas
1314 1016 1391 1042 docet
1407 1023 1414 1040 :
1432 1014 1509 1048 quasi
1534 1014 1608 1040 dicas
1627 1013 1720 1040 fractis

931 1063 1047 1096 undique
1061 1062 1184 1088 obicibus
1198 1061 1352 1088 Vectoribus
1365 1061 1466 1087 circum
1484 1060 1572 1086 ontnia
1587 1060 1714 1086 cernendi

931 1116 1027 1144 puram
1058 1108 1214 1133 facultatem
1244 1108 1349 1132 dantes.
1378 1105 1590 1140 Speculatorias,
1612 1105 1633 1130 si
1651 1105 1720 1131 bene

930 1153 1049 1186 memini,
1066 1154 1133 1179 dixit
1151 1153 1251 1183 Livius,
1270 1153 1315 1178 lib.
1333 1160 1351 1179 ιι
1369 1152 1480 1178 Decadis
1505 1151 1608 1186 pninne.
1636 1150 1721 1179 Graaci

930 1205 1030 1231 autent,
1066 1203 1094 1225 ul.
1123 1198 1284 1225 Plutarchus
1314 1199 1340 1224 in
1374 1198 1477 1224 Catone
1495 1216 1501 1227 ,
1533 1196 1723 1223 κατασκοπικὰ

931 1247 1010 1273 πλοῖα
1024 1255 1030 1272 :
1044 1254 1123 1280 quatn
1136 1253 1226 1272 vocem
1240 1244 1385 1271 Latinitate
1396 1245 1521 1270 donatam
1534 1244 1566 1270 ab
1576 1244 1660 1270 llirtin
1674 1243 1724 1268 ha-

931 1294 1037 1323 bemus,
1053 1293 1099 1318 lib.
1119 1299 1144 1324 ν,
1161 1291 1216 1318 imo
1230 1296 1257 1318 et
1274 1299 1288 1317 ει
1304 1290 1393 1317 Tullio
1407 1291 1454 1317 lih.
1473 1299 1488 1317 v
1499 1289 1676 1323 Episluinrun
1690 1288 1722 1315 ad

929 1339 1059 1366 Atticum.
1069 1337 1202 1365 Cauerqu
1218 1338 1239 1365 si
1254 1337 1313 1372 quis
1325 1345 1373 1371 pro
1383 1337 1472 1371 priore
1482 1335 1638 1362 amhiremis
1647 1335 1723 1368 ἀμφ-

930 1385 1027 1420 ηριχοῦ
1044 1385 1152 1412 notione
1170 1382 1338 1410 ambitiosius
1352 1382 1510 1413 contendat,
1529 1382 1599 1408 haud
1617 1380 1725 1407 ditlicile

934 1431 1279 1465 coucesscrim,utramque
1297 1430 1338 1456 hic
1353 1429 1578 1463 significationem
1598 1428 1623 1453 in
1642 1434 1724 1453 usam

934 1478 1065 1505 inclusam
1083 1485 1188 1508 vocem,
1205 1481 1234 1503 ut
1255 1476 1407 1510 ἀμφίρυκοι
1437 1475 1500 1508 νῆες
1527 1478 1553 1500 et
1578 1479 1677 1506 aperta:
1698 1475 1725 1498 et

934 1525 1038 1549 duobus
1054 1523 1181 1556 utrinque
1206 1522 1287 1548 remis
1301 1521 1407 1555 agitatae
1424 1527 1506 1546 naves
1522 1520 1589 1546 sint.

971 1569 1157 1602 'Arrljthnwc.
1177 1567 1311 1594 ΡιοιιΙίειιὶ
1329 1566 1478 1599 etjuridica
1492 1566 1595 1592 ratione
1612 1571 1725 1597 usurpa-

937 1622 980 1643 tur
1002 1617 1034 1641 ah
1050 1615 1126 1641 Anna
1144 1614 1194 1640 hoc.
1216 1620 1313 1639 nomen
1340 1611 1408 1638 libro
1429 1611 1578 1645 pra-scrtim
1597 1617 1657 1640 χιῖι,
1674 1617 1725 1634 sw-

938 1663 997 1697 pius
1013 1662 1044 1687 ad
1061 1659 1270 1693 signiﬁcandum
1288 1657 1448 1691 ὑποχείριον
1469 1657 1561 1682 δοῦλον
1578 1655 1709 1687 subiectio

937 1717 996 1735 nem
1012 1706 1160 1740 professmn
1187 1704 1267 1731 alicui
1284 1703 1396 1737 principi
1423 1705 1527 1729 ratione
1552 1701 1623 1729 fe'tdi
1641 1702 1673 1728 ab
1690 1709 1722 1728 en

938 1753 1050 1786 accepti.
1068 1751 1133 1777 Vide
1147 1750 1258 1777 vcrhnm
1272 1749 1369 1782 λίζιος,
1384 1749 1495 1776 inferius
1507 1756 1556 1775 suo
1570 1749 1640 1775 loco.

975 1797 1160 1831 Ἀντίληψις.
1175 1796 1201 1822 lu
1219 1796 1400 1822 instrumento
1420 1795 1495 1829 pacis
1516 1794 1646 1820 conieetm
1666 1792 1726 1819 Bai-

939 1845 1067 1871 tnundum
1084 1843 1155 1870 inter
1165 1847 1191 1869 et
1208 1842 1329 1868 Alexium
1347 1842 1496 1874 Augustum
1520 1840 1567 1868 lib.
1586 1848 1632 1866 xttt
1649 1845 1727 1867 sonat

941 1890 1079 1917 liberalem
1110 1889 1222 1924 gratiam
1244 1893 1269 1914 ct
1285 1888 1489 1914 concessionem
1518 1886 1674 1913 clementem
1695 1893 1726 1914 ac

940 1936 1100 1963 beneﬁcam.

974 1978 1123 2011 Ἀπόκρεω
1136 1984 1160 2005 et
1173 1977 1338 2010 'Aa'oe'mic.
1354 1977 1420 2004 Cum
1433 1976 1499 2003 nihil
1513 1976 1663 2003 addendum
1680 1977 1728 2004 Ita-

940 2025 1017 2052 lteum
1045 2025 1076 2050 ad
1097 2031 1129 2050 ca
1149 2031 1208 2058 qua:
1235 2024 1283 2049 viri
1312 2023 1461 2048 doctissimi
1486 2023 1518 2048 de
1537 2021 1577 2048 his
1593 2022 1728 2049 vocabulis

940 2069 1114 2100 adnotarnnl,
1132 2076 1213 2096 causa
1237 2069 1279 2095 hic
1298 2068 1418 2094 morandi
1437 2077 1488 2094 non
1505 2075 1556 2094 cu.

980 2115 1193 2147 Ἀποστο.1εὐς.
1216 2115 1264 2147 Qui
1280 2114 1361 2140 classi
1378 2119 1483 2147 ptum-st.
1509 2113 1575 2139 Vide
1599 2113 1728 2145 Snidam;

940 2160 1143 2194 ttsurpalurlib.
1163 2169 1210 2187 xttt
1235 2160 1261 2186 iu
1281 2160 1472 2187 Pacilicatinnt-
1488 2159 1640 2186 Built‘llttt“.

981 2205 1179 2240 Ἀριστήριον.
1195 2206 1253 2233 Lib.
1270 2214 1323 2238 xlv,
1342 2214 1401 2238 pag.
1418 2206 1480 2232 H3.
1499 2206 1529 2231 ’11
1546 2205 1573 2231 δὲ
1587 2204 1730 2239 Δύγούστα

941 2252 1094 2288 περιχαρὴς
1105 2253 1234 2286 γεγονυῖαι
1248 2252 1355 2285 ἐδέξατσ
1370 2252 1462 2278 τοῦτον
1475 2252 1527 2284 ἔξω
1545 2251 1594 2285 τῆς
1608 2251 1655 2278 τοῦ
1671 2260 1726 2278 κοι-

941 2298 1027 2329 τῶνος
1057 2298 1159 2332 θύρας,
1185 2299 1348 2333 ἀριστήριον
1372 2298 1451 2324 τιῦτο
1480 2298 1562 2324 πάλαι
1592 2297 1727 2332 ὀνομαζό-

944 2353 1033 2380 μενον.
1048 2344 1185 2378 Suspicari
1206 2345 1268 2370 licet
1283 2352 1313 2371 ex
1337 2345 1475 2370 notatione
1494 2344 1614 2370 \Ot'ilbtlli
1643 2343 1728 2369 fuisse

942 2391 1011 2418 hanc
1024 2390 1146 2425 Gynmcei
1173 2390 1285 2424 palatini
1302 2389 1448 2417 exhedram
1463 2389 1487 2415 in
1504 2396 1554 2422 qua
1578 2389 1726 2420 inqu-ratii-

939 2446 984 2464 ces
1001 2437 1088 2464 cibum
1101 2444 1208 2464 smnere
1227 2440 1437 2463 censneverant.
1466 2435 1496 2462 Ut
1514 2435 1549 2461 sit
1573 2435 1730 2468 ἁριστήριον

944 2481 1000 2508 ἀπὸ
1020 2482 1067 2508 τοῦ
1084 2483 1207 2516 ἀριστείν
1226 2484 1365 2516 prandere.
1383 2481 1460 2514 Quod
1477 2482 1497 2507 si
1515 2480 1551 2506 ita
1569 2486 1619 2510 est,
1636 2487 1729 2513 parum

942 2528 1090 2555 verisimile
1108 2528 1269 2555 fueritidem
1284 2536 1344 2555 esse
1377 2529 1539 2563 ἀριστήρισν
1551 2534 1611 2552 cum
1624 2526 1730 2560 Ἄρεως

943 2574 1010 2607 οἴκῳ
1024 2574 1102 2607 Cujus
1115 2573 1234 2600 utetttiuil
1249 2573 1406 2608 Procopius,
1422 2573 1485 2599 lib.l
1503 2571 1672 2599 Persicorum
1686 2571 1730 2597 ubi

941 2618 974 2644 de
988 2618 1111 2644 incendio
1127 2619 1201 2646 urbis
1216 2624 1241 2645 et
1260 2619 1351 2652 palatii
1369 2627 1375 2645 :
1395 2619 1448 2644 Καὶ
1462 2618 1521 2652 τῆς,
1534 2619 1582 2650 ait,
1596 2616 1727 2652 βασιλέως

939 2663 1064 2698 abl-ﬁuit
1075 2665 1106 2690 ἐκ
1115 2664 1168 2690 τῶν
1180 2666 1355 2699 προπυλαίων
1366 2665 1429 2700 ἄχρι
1442 2666 1470 2697 ἐς
1482 2666 1527 2691 τὸν
1541 2664 1571 2690 Ἀ
1578 2673 1644 2699 pst»,-
1654 2662 1727 2696 λεγό-

944 2718 1023 2743 μενθν
1039 2707 1124 2741 οἷκον,
1143 2710 1279 2737 καυθέντα
1297 2711 1418 2746 ἐφθάρη.

983 2755 1230 2790 Ἀρχοντοπῶλοι.
1258 2755 1319 2783 Filii
1340 2762 1529 2784 veteranorum
1559 2755 1674 2782 militum
1702 2754 1727 2780 in

944 2810 1026 2829 unum
1043 2810 1138 2838 agmen
1157 2802 1196 2829 sic
1210 2802 1310 2830 dictum
1337 2803 1495 2837 conscripti,
1526 2802 1573 2829 lib.
1597 2809 1643 2832 vn,
1666 2809 1724 2835 pag.

941 2848 1005 2877 201.
1031 2848 1183 2883 ’Λρχὸντων
1207 2856 1304 2876 nomen
1319 2848 1359 2877 vel
1386 2847 1517 2876 militares
1541 2851 1726 2882 magtstratus,
