1854 3029
33 133 107 166 1217

30 196 62 218 et
82 190 158 218 alibi.
174 190 226 217 Sed
242 190 369 217 omittere
385 196 437 216 non
452 195 562 223 possum
587 188 677 216 locum
694 189 826 217 eximium

31 244 70 262 ex
104 235 176 263 Psal.
201 243 258 268 ut,
284 235 311 267 7,
337 235 382 262 ubi
409 234 487 269 juxta
515 233 657 268 Vulgatam
681 238 826 262 nostram:

33 281 97 316 Ego
114 281 206 308 vermis
222 285 245 307 et
270 288 320 306 non
335 280 422 312 homo,
451 280 618 314 opprobrium
646 280 782 306 hominum
803 285 828 306 et

31 326 152 360 abjectio
177 326 268 358 plebis.
295 325 426 360 Loquitur
448 332 481 352 eo
508 325 612 359 psalmo
637 324 772 358 Christus,
802 329 829 353 et

33 374 198 408 prophetice
211 373 378 406 praenuntiat
394 371 592 399 minutissimas
601 379 722 406 quasque
736 377 828 407 partes

31 427 70 445 ac
86 418 235 453 peristases
253 417 387 453 passionis
406 425 471 450 suae,
493 425 562 452 quas
577 418 602 444 in
617 419 775 446 narratione
788 419 828 447 rei

32 468 124 498 gesta:
154 468 258 491 attenta
297 463 499 498 comparatione
527 470 722 498 recognoscere
744 463 829 491 multo

32 514 82 536 cst
111 509 349 543 iucundissimum.
378 508 413 535 lis
440 515 523 543 porro
549 515 610 543 qua:
633 508 828 543 descripsimus

31 554 132 580 verbis
159 553 332 587 singulariter
365 552 522 588 designatur
558 553 623 579 illud
654 553 826 587 opprobrium

33 600 113 634 quod
130 598 256 626 Christus
271 599 464 632 gravissimum
489 599 612 634 pertulit,
629 599 738 634 quando
758 607 827 626 con-

33 646 144 673 scissus
157 644 259 680 ﬂagris,
276 650 303 673 et
322 649 503 680 praeterquam
521 649 577 672 toto
592 652 706 680 corpore
723 652 827 672 cruen-

33 694 125 724 tatus,
143 692 224 718 etiam
238 695 384 718 coronatus
399 691 494 725 spinis,
512 690 661 725 productus
674 691 706 717 ad
719 690 827 718 Judmos

32 746 49 764 a
72 736 159 763 Pilato
183 742 242 769 est;
267 737 304 764 ita
340 736 519 769 deformatus,
544 742 573 764 ut
596 738 639 764 vix
656 745 704 772 pro
718 737 828 766 homine

33 783 152 818 agnosci
169 787 271 817 posset,
288 783 352 814 nisi,
368 787 398 810 ut
414 783 548 818 pictorum
563 784 669 810 rudiqu
686 791 744 810 aevo
760 784 826 810 sim-

34 829 103 864 plici
129 834 243 856 conatus
272 827 422 863 imperfecti
454 828 620 862 juvabantur
650 829 827 864 inscriptione

35 876 146 908 addita,
162 883 222 910 quae
240 877 352 903 doceret
368 883 428 903 esse
442 875 579 902 hominem
601 876 626 902 id
643 875 715 910 quod
735 875 771 902 illi
790 875 828 903 si-

37 921 149 948 mulare
171 920 333 955 cogitaram,
359 921 395 947 ita
413 920 517 947 Pilatus
543 921 626 947 verbo
642 920 828 948 admonuisset

34 975 103 994 esse
121 966 202 993 illum
217 965 355 993 hominem
371 974 378 992 ς
394 965 480 992 Exibit
494 964 571 992 Jesus
584 969 693 999 portans
709 966 827 999 spineam

35 1020 169 1039 coronam
194 1017 218 1039 et
239 1019 401 1046 purpureum
429 1011 607 1037 vestimentum
625 1019 634 1039 :
650 1016 672 1038 et
696 1011 764 1037 dixit
790 1011 827 1038 eis

35 1057 152 1091 (Judmis
165 1058 278 1092 Pilatus)
290 1066 296 1084 :
308 1059 376 1084 Ecce
388 1056 474 1083 Homo
494 1055 584 1091 (Joan.
595 1065 651 1089 xix,
665 1057 703 1092 5).
718 1057 753 1084 At
770 1057 827 1084 haec

34 1104 93 1131 luci
114 1104 235 1132 alterius.
259 1104 332 1131 Satis
353 1103 390 1130 sit
410 1104 474 1130 hinc
500 1103 597 1138 legisse
612 1103 700 1130 obiter
718 1103 744 1130 iu
769 1110 826 1130 rem

35 1155 213 1183 praesentem,
229 1149 283 1176 illic
300 1149 327 1176 in
344 1148 444 1175 vermis
469 1149 577 1176 nomine
598 1148 683 1175 alludi
700 1153 778 1176 acute
795 1155 827 1175 ac

35 1203 153 1230 prorsus
165 1195 301 1230 eleganter
315 1194 349 1221 ad
369 1202 532 1228 purpureum
558 1195 748 1221 vestimentum
771 1201 826 1229 quo

38 1247 108 1269 tunc
120 1247 230 1276 opertus
241 1241 273 1267 ad
287 1240 432 1267 ludibrium
446 1240 570 1267 Christus
583 1239 642 1267 fuit.
665 1240 825 1274 Quanquam

37 1287 68 1313 in
86 1285 198 1313 Hebraeo
212 1278 291 1318 rtan
306 1286 358 1312 alia
375 1286 456 1313 etiarn
474 1286 588 1320 insignis
607 1286 706 1312 allusio
728 1291 769 1313 est
793 1287 825 1314 ad

39 1331 247 1359 cruciﬁxionem
275 1331 461 1358 imminentem
477 1339 508 1358 ex
537 1332 725 1365 paronomasia
752 1332 827 1360 vocis

36 1370 100 1407 rbn
114 1385 173 1411 quae
187 1381 267 1404 sonat
280 1377 313 1404 de
333 1377 406 1411 ligno
424 1379 590 1411 suspendere
602 1384 635 1403 ac
655 1378 825 1411 cruciﬁgere.

40 1423 182 1450 Hactenus
211 1422 341 1450 habemus
369 1424 494 1456 purpurei
524 1422 620 1449 coloris
649 1424 784 1450 notionem
800 1423 826 1450 itt

40 1470 146 1502 blatta;
164 1469 227 1496 mihi
243 1476 308 1496 vero
336 1468 361 1495 id
392 1477 443 1496 uou
471 1468 578 1500 sullicit,
605 1469 650 1503 qui
674 1469 826 1496 existimem

41 1515 129 1543 etiam
155 1523 239 1550 genus
261 1515 341 1542 serici
368 1519 458 1541 textus
474 1522 505 1541 ac
524 1516 689 1550 bombycina:
709 1516 827 1542 materia:

40 1562 135 1589 Biattii
152 1563 234 1589 verbo
259 1561 395 1595 designari
415 1568 422 1587 :
442 1561 478 1588 ita
501 1565 529 1587 ut
551 1560 645 1587 Blatlia
664 1570 717 1588 non
740 1562 827 1596 quivis

42 1608 126 1644 panni
142 1607 281 1642 purpurei,
298 1607 344 1634 scd
360 1606 441 1633 serici
463 1607 529 1633 sint.
557 1607 689 1639 l’rimum,
712 1608 827 1634 obsurro
853 1620 858 1623 -

41 1662 116 1688 sxpe
130 1654 180 1681 ista
195 1653 320 1687 conjungi
339 1654 473 1679 tuentione
487 1653 556 1687 apud
569 1654 726 1686 scriptores.
739 1652 828 1680 Ailius

42 1698 217 1733 Lampridius
233 1699 257 1724 in
269 1698 458 1733 lleliogabalo:
474 1697 613 1724 Pararerut
624 1698 697 1731 ['uues
707 1698 789 1724 blatta
800 1703 823 1725 et

42 1745 129 1771 serico
138 1750 159 1770 et
168 1752 242 1770 cocco
250 1745 367 1776 intortos,
384 1743 486 1777 quibus,
500 1743 522 1769 si
533 1751 632 1770 necesse
641 1748 719 1772 esset.
735 1743 828 1778 laqueo

41 1791 125 1818 vitam
137 1790 233 1824 ﬁniret.
245 1790 347 1822 Quibus
361 1790 385 1814 in
401 1789 488 1815 verbis
501 1789 595 1815 merito
606 1789 827 1824 quiaerataliquis:

42 1843 106 1870 qua:
123 1835 236 1862 materia
254 1835 336 1861 blatta
352 1836 387 1862 sit
401 1841 417 1861 a
434 1835 521 1861 serico
534 1840 560 1860 ct
583 1841 664 1861 cocco
683 1834 830 1862 distincta?

44 1890 78 1909 ac
93 1882 207 1908 fortasse
223 1888 276 1907 non
294 1880 363 1907 male
378 1883 531 1914 suspicetur
546 1880 620 1914 prius
636 1884 662 1906 el
681 1881 830 1914 cxpositive

44 1927 247 1962 accipiendum,
263 1927 314 1953 hoc
337 1934 418 1953 seusu
438 1934 445 1953 :
472 1925 615 1952 l‘uraverut
636 1925 710 1960 funes
733 1926 829 1958 blatta,

43 1976 96 2001 hoc
110 1979 158 2005 est,
182 1974 270 2000 serico
287 1977 311 1999 et
335 1980 420 2005 cocco,
446 1973 497 1999 sive
523 1973 574 2006 [itis
602 1973 692 1999 sericis
717 1973 831 1999 coccinei

44 2021 144 2048 coloris
162 2021 284 2052 intortos,
302 2024 355 2046 etc.
371 2018 477 2046 Flavius
492 2019 619 2052 Vopiscus
634 2019 829 2046 iuAureliano:

43 2069 112 2094 Cum
129 2067 160 2093 ab
179 2075 207 2093 eo
225 2074 291 2092 uxor
309 2073 357 2092 sua
372 2070 467 2100 peteret
482 2070 510 2091 ut
531 2065 606 2091 unico
629 2065 710 2096 pallia
734 2064 830 2091 Μαι(εο

42 2115 128 2141 serico
150 2117 281 2145 uteretur,
301 2112 348 2139 ille
367 2111 500 2145 respondit
518 2119 527 2138 :
543 2110 622 2138 Absit
649 2116 678 2138 ut
699 2119 765 2138 auro
787 2111 830 2137 lita

43 2164 207 2194 penseutut';
230 2159 296 2185 libra
319 2158 387 2184 enim
413 2158 473 2183 auri
498 2156 640 2184 tuuciibra
665 2157 743 2184 serici
766 2157 829 2191 fuit.

44 2206 109 2233 ll-cc
126 2205 171 2232 ille
186 2206 212 2231 in
227 2203 326 2238 quibus
345 2203 433 2230 notari
449 2203 528 2236 cupio
546 2212 552 2230 :
570 2210 632 2229 cum
647 2202 746 2229 dicitur
759 2202 827 2230 libra

44 2251 140 2280 scrici.
174 2257 226 2276 non
257 2249 376 2276 sericutn
403 2255 594 2282 quemcunque
623 2256 753 2282 pannum,
783 2248 830 2276 sed

44 2299 128 2326 suunl
147 2296 288 2327 blatteum,
306 2296 356 2322 hoc
371 2298 413 2321 est
426 2302 590 2329 purpureum
607 2295 718 2329 intelligi
734 2303 742 2322 ;
759 2295 795 2322 uti
805 2300 832 2322 ct

43 2353 108 2372 cum
134 2343 176 2370 ﬁla
207 2343 332 2368 dicuntur
363 2348 428 2368 auro
451 2342 570 2375 pensari,
597 2342 639 2368 ﬁla
670 2342 830 2376 bombycina

44 2396 129 2416 cocco
146 2389 228 2414 tincta
249 2387 390 2422 cogitanda
406 2391 480 2417 sunt.
497 2386 564 2413 adeo
580 2387 637 2414 hasc
653 2395 702 2414 usu
723 2392 749 2413 ct
766 2395 829 2422 pre-

45 2441 85 2462 tio
109 2435 254 2466 COHlelCla
280 2434 354 2460 vices
379 2432 429 2459 sibi
460 2433 573 2459 invicem
597 2433 629 2459 ad
649 2438 768 2460 mutuam
795 2434 834 2460 si-

45 2481 250 2516 gniﬁcationem
288 2481 428 2513 praestant.
462 2476 554 2510 Itaque
592 2482 619 2502 et
654 2476 733 2510 paulo
768 2481 832 2504 ante

45 2534 109 2552 cum
138 2524 221 2560 .dtxit
257 2521 389 2557 Vopiscus
423 2518 494 2547 idem
523 2527 530 2547 :
566 2518 669 2546 Vestam
703 2519 832 2546 liotoseri-

44 2580 105 2599 cum
139 2578 219 2605 neque
248 2569 303 2604 ipse
340 2569 368 2595 in
402 2566 525 2594 vestiario
557 2574 604 2592 suo
638 2566 757 2598 habuit;
787 2574 831 2592 ne-

45 2623 96 2651 que
135 2615 211 2641 alteri
252 2611 376 2639 utendam
419 2611 508 2642 dedit,
544 2617 598 2636 non
639 2617 832 2643 quamcunque

46 2663 139 2693 forte,
177 2660 224 2686 sed
264 2665 426 2692 purpuream
470 2656 653 2690 signiﬁcavit,
690 2661 718 2681 ut
757 2661 832 2682 tanto

45 2707 226 2733 (‘nhaat'ettlius
243 2709 371 2739 sequatur
403 2702 475 2737 quod
496 2702 587 2729 statim
622 2702 705 2728 infert
725 2702 758 2729 de
786 2709 833 2728 ne-

44 2759 109 2789 gato
143 2752 219 2779 uxori
244 2751 323 2786 pallio
352 2750 471 2781 blattco,
509 2756 542 2775 ex
580 2748 730 2775 holoserico
765 2757 831 2783 pur-

45 2807 130 2834 pur-co
143 2798 278 2824 videlicet.
298 2795 351 2823 Sed
374 2802 518 2829 pergamus
533 2794 656 2826 exempla
685 2795 750 2820 dare
766 2802 831 2821 cott-

43 2850 145 2881 junctae
171 2843 317 2872 meutionis
332 2841 430 2869 coloris
446 2846 472 2867 et
486 2840 561 2867 texti.
578 2840 604 2866 lu
619 2840 719 2868 Codice
745 2840 831 2868 Theo-

619 132 804 164 GLOSSARI
811 132 865 164 ΗΜ
887 131 1065 164 ANN/EUM.

1598 135 1666 168 1218

882 189 1010 224 dos..leg.
1026 190 1067 221 l8,
1085 190 1124 217 tit.
1144 189 1177 217 de
1199 189 1365 225 Murilegulis
1380 191 1424 225 qui
1444 196 1484 218 est
1499 191 1534 218 20
1549 191 1609 218 libri
1625 199 1639 218 ε
1656 197 1665 219 :

882 235 1016 268 Quoniam
1046 240 1175 262 trecentas
1189 244 1254 270 pene
1272 237 1354 263 libras
1370 237 1461 264 blath
1486 239 1576 264 sericw
1594 238 1662 264 clan-

881 281 986 308 destina
998 281 1144 316 fricatione,
1157 286 1210 308 etc.
1233 281 1261 308 In
1278 281 1378 309 Codice
1393 282 1540 310 iustiniaui
1562 283 1666 310 serico-

883 327 967 354 blatta
984 334 1038 354 uno
1053 326 1184 354 vocabulo
1205 327 1312 360 legitur.
1330 327 1362 354 Et
1388 327 1452 354 alibi
1476 336 1546 362 saepe
1567 328 1666 354 similia

882 371 973 398 videre
988 375 1046 403 est;
1075 379 1138 398 nam
1166 371 1209 398 hic
1231 371 1287 406 jam
1304 379 1380 406 :cquo
1411 372 1545 407 longiores
1561 379 1666 400 sumus.

882 416 951 443 Hinc
964 417 1065 444 factum
1081 421 1111 444 ut
1125 417 1182 444 sola
1196 417 1331 444 mentione
1346 416 1445 445 coloris
1460 418 1599 452 purpurei,
1615 426 1664 445 usu

883 463 968 491 tacito
1000 464 1095 490 serica:
1113 463 1235 490 materia:
1252 463 1358 498 species
1372 464 1550 492 indicaretur.
1569 463 1668 491 Narrat

882 516 945 536 ecce
957 509 989 536 de
1005 508 1112 536 Nerone
1137 509 1284 536 Suetonius
1303 517 1309 536 :
1328 509 1416 536 Aurea
1433 517 1492 536 eum
1516 510 1565 537 reti
1578 510 1666 543 pisca—

881 559 938 581 tum
973 559 996 581 et
1023 554 1132 588 funibus
1166 562 1285 589 purpura
1299 562 1425 589 coccoque
1439 555 1524 582 nexis.
1546 554 1612 587 Quis
1625 550 1668 581 hic

881 601 953 628 aliud
969 601 1096 635 intelligit
1109 607 1190 635 quam
1216 600 1295 628 funes
1322 600 1419 628 sericis
1442 600 1494 627 ﬁlis
1523 601 1668 634 purpureis

882 646 1017 674 intortos?
1042 646 1115 679 Quos
1149 646 1270 673 eamdem
1301 654 1357 673 rem
1383 653 1537 688 memorans
1555 647 1668 673 blatteos

881 692 1004 727 apprime
1023 691 1048 718 iu
1077 699 1133 718 rem
1149 697 1268 719 nostram
1285 691 1353 719 dixit
1367 691 1521 726 Eutropius,
1539 693 1584 719 uni
1608 692 1667 719 voci

881 739 1107 774 signiﬁcationem
1122 727 1203 766 sei'ici
1225 743 1317 765 textus
1332 744 1358 765 et
1376 739 1495 766 coccinei
1516 739 1567 765 luci
1583 738 1668 772 subji-

881 786 966 813 ciens.
982 784 1052 818 Quid
1078 784 1186 811 Grmci?
1206 784 1394 819 (Recentiores
1412 785 1460 811 hos
1479 785 1540 811 dico
1563 784 1668 818 Byzan-

882 831 999 857 tinarum
1014 834 1176 857 Iractatores
1188 830 1290 865 rerum)
1308 837 1389 864 quam
1409 830 1490 856 multa
1506 830 1585 864 hujus
1600 838 1668 857 cort-

881 876 1034 904 suetudinis
1053 876 1177 910 exempla
1204 876 1400 910 suppeditant?
1416 876 1523 903 Nicetas
1550 884 1619 902 unus
1632 877 1669 903 sit

881 921 959 948 satis.
976 920 1100 948 Aliorum
1132 920 1286 947 testimonia
1303 926 1445 947 occurrent
1463 921 1534 948 ultro
1558 920 1669 955 legenti-

882 966 943 994 bus.
964 968 991 994 ls
1008 966 1052 993 ubi
1071 966 1097 992 in
1126 965 1221 993 Alexio
1235 965 1373 992 Cotuucno
1395 965 1518 998 Juuiorc,
1543 966 1611 993 libro
1625 974 1667 998 ιιι,

882 1011 908 1039 in
941 1012 1077 1046 plerisque
1117 1011 1259 1038 codicibus
1285 1011 1366 1038 habet
1410 1012 1476 1038 ἄνευ
1503 1012 1558 1038 τῶν
1589 1011 1670 1046 βλαπ-

880 1058 962 1090 τίων,
991 1058 1041 1084 alia
1058 1057 1148 1089 lectio,
1162 1057 1233 1091 (quae
1247 1062 1384 1091 utcunque
1406 1061 1516 1091 putctur
1534 1058 1670 1090 margina-

883 1104 917 1130 lis
930 1103 1077 1135 adnotatio,
1093 1103 1193 1129 vetcris
1209 1106 1282 1129 certe
1297 1102 1466 1135 grammatici
1479 1107 1537 1134 est;
1556 1106 1583 1129 et
1598 1107 1625 1128 ut
1640 1103 1667 1129 in

881 1157 910 1176 re
925 1149 981 1181 tali,
997 1148 1032 1175 de
1050 1148 1159 1175 notione
1177 1148 1250 1175 vocis
1280 1148 1380 1174 usitata
1407 1155 1456 1174 suo
1472 1151 1604 1182 tempore,
1619 1156 1669 1174 au-

880 1195 1032 1222 ctoritatem
1052 1194 1143 1229 habet)
1168 1194 1232 1227 alia,
1255 1194 1374 1228 inquam,
1392 1194 1470 1220 lectio
1495 1194 1574 1220 habet
1598 1193 1668 1229 πλὴν

879 1241 934 1267 τῶν
948 1241 1070 1276 σηρικῶν
1087 1241 1228 1275 νημάτων.
1245 1240 1314 1266 Alibi
1333 1239 1441 1266 Nicetas
1455 1239 1568 1274 βλαττία
1583 1239 1668 1266 πολλὰ

881 1288 981 1322 χρυσᾶ,
1000 1288 1029 1314 in
1045 1295 1105 1320 qua:
1131 1287 1212 1313 verba
1242 1286 1414 1321 paraphrasis
1440 1286 1511 1312 docti
1532 1294 1670 1321 gramma-

881 1334 927 1361 tici
954 1334 993 1360 sic
1021 1333 1122 1360 habet:
1141 1334 1244 1368 σηρικὰ
1270 1332 1469 1367 διαπλεχοὲντα
1485 1332 1589 1366 χρυσῷ.
1607 1333 1668 1359 Alia

881 1383 987 1409 omitto.
1012 1381 1074 1408 llaec
1091 1381 1161 1407 enim
1187 1380 1293 1406 abunde
1317 1384 1378 1407 sunt
1408 1385 1436 1406 ut
1457 1385 1531 1406 recte
1547 1379 1668 1405 videatur

881 1428 908 1455 in
937 1428 1093 1454 universum
1118 1427 1248 1454 statuisse
1270 1425 1422 1453 Salmasius
1442 1425 1519 1452 Notis
1545 1425 1577 1451 ad
1594 1426 1667 1451 Hist.

880 1475 949 1508 Aug.
973 1474 1064 1508 script.
1082 1480 1144 1508 pag.
1173 1472 1236 1505 591,
1261 1473 1424 1499 recentiores
1452 1471 1562 1498 Graecos
1587 1470 1670 1505 βλατ-

881 1519 938 1545 τίον
956 1527 1008 1545 non
1028 1527 1075 1554 pro
1091 1519 1176 1545 blatta
1196 1519 1236 1545 vel
1255 1525 1373 1552 purpura
1400 1517 1469 1549 sola,
1484 1517 1529 1544 sed
1561 1524 1608 1550 pro
1624 1524 1670 1543 ne-

882 1569 952 1591 nmte
965 1565 1049 1591 serico
1071 1564 1169 1590 blatteo
1195 1571 1347 1597 usurpasse.
1363 1562 1389 1589 In
1410 1570 1464 1597 quo
1484 1568 1548 1594 puto
1562 1561 1671 1588 Graecos

883 1612 1014 1636 rationem
1038 1609 1166 1636 habuisse
1180 1609 1299 1643 aliquam
1315 1608 1549 1643 originislilorum
1565 1607 1669 1634 serico-

883 1664 942 1683 rum
955 1663 1015 1690 quae
1032 1662 1046 1681 a
1062 1661 1168 1686 verme,
1187 1654 1239 1680 hoc
1254 1658 1296 1680 est
1310 1653 1393 1680 blatta
1406 1658 1477 1688 (nam
1488 1652 1573 1679 Blatta
1585 1654 1670 1679 in'er-

883 1701 944 1728 dum
956 1707 1101 1727 commune
1117 1707 1213 1726 nomen
1231 1699 1331 1726 vermis
1341 1699 1394 1732 est)
1407 1699 1575 1733 producitur,
1591 1699 1670 1733 vulgo

884 1746 1013 1781 bombyce
1038 1746 1120 1773 dicto.
1148 1744 1224 1772 Unde
1250 1745 1322 1771 tilum
1350 1744 1437 1778 ipsmn
1455 1752 1486 1771 ac
1503 1744 1555 1771 tela
1581 1752 1613 1772 cx
1637 1753 1670 1773 eo

885 1796 955 1818 texta
980 1791 1096 1826 bombyx
1124 1791 1234 1818 dicitur.
1257 1790 1328 1822 Quin
1353 1790 1434 1816 etiam
1462 1797 1559 1817 nomen
1583 1791 1670 1824 ipsum

883 1837 1098 1872 vulgatissimum
1127 1836 1220 1869 serici,
1241 1844 1294 1863 non
1325 1843 1338 1862 a
1364 1835 1473 1862 Scribtts
1501 1835 1608 1870 populis
1624 1840 1672 1863 aut

884 1884 970 1919 patria
986 1891 1090 1916 eortun,
1107 1883 1178 1917 quod
1199 1883 1278 1917 vulgo
1296 1886 1403 1917 putant,
1423 1882 1445 1907 si
1461 1882 1596 1916 llestchio
1612 1882 1672 1915 qui-

885 1930 944 1956 dctu
965 1929 1110 1960 credimus,
1135 1927 1265 1959 ducitur,
1300 1927 1347 1953 sed
1376 1934 1390 1952 a
1423 1934 1485 1953 sere
1509 1934 1599 1952 verme
1615 1927 1672 1952 sive

885 1975 980 2003 blatta.
998 1974 1035 2001 Ita
1053 1974 1125 2001 enim
1142 1973 1290 2008 Hesychius
1307 1973 1384 2008 εΣὴρ
1402 1972 1511 2006 σκώληξ
1526 1974 1538 1998 ὁ
1554 1973 1603 2006 τὴν
1622 1981 1671 2005 με·

884 2016 968 2053 τἉιξαν
1001 2020 1198 2054 ἐργαζόμενος,
1215 2020 1265 2046 hoc
1284 2024 1342 2050 est,
1361 2018 1411 2046 Ser
1438 2019 1532 2044 vermis
1558 2019 1671 2044 soricina

885 2067 967 2094 vellus
980 2065 1110 2100 efﬁciens.
1130 2064 1220 2097 Quare
1243 2064 1330 2090 serica
1359 2065 1442 2090 vcstis
1469 2063 1599 2097 peculiari
1628 2071 1672 2089 ra-

885 2113 958 2139 tione
990 2111 1085 2143 blatta,
1111 2110 1209 2137 hlattea
1228 2109 1269 2136 vel
1287 2109 1380 2135 hlattia
1395 2109 1504 2135 dicitur.
1539 2109 1671 2135 l’ratctea

885 2159 950 2186 illud
980 2156 1188 2184 admonuerim:
1206 2163 1266 2183 cum
1285 2155 1383 2189 duplex
1414 2156 1548 2189 scriptum
1573 2156 1608 2180 sit
1625 2162 1673 2181 no-

886 2204 967 2231 minis
980 2201 1123 2238 βλαττίονς
1146 2201 1230 2228 altera
1253 2201 1391 2235 geminato
1408 2209 1432 2231 τ,
1451 2201 1535 2226 altera
1561 2207 1591 2226 ca
1609 2200 1673 2225 sim-

886 2249 948 2284 plici
972 2249 1061 2275 littera
1079 2257 1086 2275 :
1106 2254 1166 2281 quae
1191 2247 1323 2273 hactenus
1351 2245 1467 2272 diximus
1486 2251 1589 2271 tantum
1607 2252 1673 2271 cort-

886 2295 978 2322 venire
994 2293 1033 2328 τῷ
1052 2293 1181 2328 βλαττίῳ.
1201 2291 1337 2326 quomodo
1365 2292 1460 2318 scribit
1479 2296 1506 2318 ct
1526 2290 1602 2317 Anna
1623 2298 1672 2317 no-

886 2345 940 2367 stra
955 2345 979 2366 et
1009 2340 1148 2366 Ccdrenus
1167 2338 1192 2364 in
1210 2337 1321 2364 Tiberio
1337 2337 1381 2369 lll,
1396 2337 1440 2364 ubi
1463 2341 1594 2363 memorat
1610 2344 1671 2364 στο-

886 2386 935 2417 λὰς
951 2384 1109 2421 σωληνατὰς
1127 2383 1181 2410 ἀπὸ
1196 2383 1336 2418 βλαττίου.
1367 2384 1406 2410 Ex
1434 2383 1532 2417 quibus
1557 2382 1676 2410 fortasse

887 2437 942 2459 tum
966 2431 1069 2458 Niceta:
1090 2430 1148 2458 loca
1182 2433 1237 2456 tum
1267 2430 1360 2456 Codini
1384 2437 1443 2464 (piae
1469 2425 1577 2464 βλαλειον
1602 2429 1674 2456 scri-

887 2477 952 2504 bunt
967 2483 1028 2502 cum
1048 2484 1062 2500 τ
1079 2473 1161 2509 ψιλῷ,
1173 2474 1334 2508 corrigenda
1349 2478 1422 2501 sunt.
1438 2474 1514 2506 Quod
1529 2481 1592 2501 vero
1605 2475 1674 2502 ratio

886 2522 1028 2549 sententiae
1045 2520 1144 2548 alicubi
1168 2520 1251 2550 exigit
1270 2523 1299 2546 ut
1324 2519 1452 2554 βλαττίον
1478 2520 1603 2546 volumen
1623 2520 1672 2551 sit,

885 2572 975 2595 ortum
1004 2568 1088 2593 videri
1105 2570 1194 2601 potest
1212 2573 1244 2592 ex
1274 2573 1307 2592 eo
1333 2565 1403 2598 quod
1432 2566 1513 2598 panni
1539 2565 1674 2600 ejusmodi

887 2614 968 2641 serici
986 2618 1129 2646 antequam
1149 2612 1175 2638 in
1192 2617 1286 2646 partes
1304 2611 1370 2638 secti
1385 2611 1524 2644 assutique
1539 2611 1565 2638 in
1584 2616 1674 2639 vestro

885 2663 988 2689 essent,
1004 2659 1029 2685 in
1048 2659 1183 2684 volumina
1209 2657 1446 2691 complicabantur
1463 2656 1579 2692 βλαττία
1594 2657 1675 2692 vulgo

891 2705 1021 2732 vocitata.
1038 2703 1179 2730 Postremo
1193 2702 1258 2729 illud
1277 2710 1387 2730 monere
1409 2710 1462 2729 non
1479 2703 1601 2729 omittam
1620 2710 1673 2730 non

887 2757 948 2776 csse
965 2753 1059 2776 contra
1077 2756 1133 2774 rem
1149 2755 1181 2774 ac
1198 2747 1361 2774 sententiam
1391 2753 1512 2774 nostram
1528 2747 1675 2774 stabilitam

888 2795 930 2822 hic
943 2803 956 2820 a
988 2794 1065 2821 nobis
1082 2793 1169 2820 locmu
1185 2792 1258 2819 illum
1275 2788 1392 2824 Codini,"
1402 2800 1462 2827 cap.
1476 2793 1503 2822 4.
1522 2801 1549 2820 ιι.
1564 2791 1610 2825 20,
1631 2792 1676 2819 ubi

887 2841 987 2870 mentio
1013 2844 1056 2868 est
1081 2837 1179 2866 λευκοῦ
1217 2838 1354 2867 βλαττίου.
1380 2839 1416 2867 Ut
1450 2839 1522 2867 enim
1550 2839 1675 2867 omittam
