1854 3029
209 162 414 190 Ἐπισκύνιον.
432 161 554 197 Antiquze
578 161 757 189 institutionis
773 170 842 194 vox;
867 161 912 188 sed
932 162 957 187 in

174 217 226 244 qua
246 209 366 235 nonnihil
381 209 457 235 Anna
475 214 567 235 nostra
594 209 762 242 καινοτομεί.
791 207 817 234 Id
841 215 893 242 quo
919 207 960 233 in-

175 255 319 288 lel‘ligatttr,
337 262 416 288 quam
436 254 605 285 necessario,
623 258 676 280 tam
696 254 814 280 breviter
834 258 959 287 repeten-

173 304 235 328 dum
252 308 303 334 est,
321 303 390 336 quod
409 302 530 329 notionis
552 303 613 329 huic
634 303 723 329 verbo
734 301 902 335 subiecerint
914 308 961 328 ve-

173 352 254 373 teres.
291 348 448 374 Eustathius
473 348 505 374 ad
541 347 639 382 Odyss.
667 355 685 380 η
711 354 717 372 :
741 347 913 382 Ἐπισκυνίου
943 347 960 381 ἡ

173 391 308 426 ἑρμηνεία
333 392 409 426 παρὰ
433 393 490 423 τοῖς
521 392 647 423 παλαιοῖς
676 392 766 426 αὕτηο
800 392 961 418 ἐπισκύνιον

172 438 244 472 ὑπὲρ
273 437 360 471 ὀφρὺν
390 437 564 472 ὲποφρύδιον.
602 437 671 464 Idem
702 437 765 465 alibi
794 446 890 472 netnpe
924 437 959 464 ad

171 483 255 509 Illud.
268 491 283 517 ρ
303 494 309 510 ι
332 483 506 509 Ἐπισκύνιον
526 483 554 510 δέ
574 483 643 514 ἐστι,
660 484 729 510 κατὰ
748 483 811 514 τοὺς
828 483 960 514 παλαιοὺς

171 528 270 559 εἰπεῖν,
292 528 437 562 ὲπὶδερμον
455 528 469 554 ὃ
492 527 656 562 ὲπιχαλᾶται
681 530 738 559 τοῖς
762 528 816 554 τῶν
841 528 958 555 λεόντων

172 573 323 608 ὀφθαλμοῖς
339 574 386 600 καὶ
400 573 534 600 καλύπτει
549 575 650 605 αὐτοὺς
668 574 782 609 προνοίᾳ
798 573 917 608 φύσεως,
929 574 958 601 οὺ

171 619 299 645 τοσοῦτον
313 620 356 645 διὰ
376 620 461 654 θυμὸν
478 621 522 647 ὅτε
544 620 674 652 σκύζεται
691 621 720 647 τὸ
737 621 842 656 θηρίον,
856 621 870 647 ὅ
885 621 959 647 ἐστιν

170 664 322 699 ὀργίζεται,
339 666 401 692 ὅσον
423 667 479 698 ἵνα,
510 667 548 701 μὴ
565 667 672 701 βλέπων
689 667 723 693 τὰ
738 667 960 702 ἐπιρῤιπτόμενα

171 712 249 748 βέλη,
260 713 438 747 δειλαίνηται.
451 713 489 740 Ex
506 713 556 746 his,
570 714 696 747 adjuncto
712 713 856 740 scholiastc
867 713 959 740 Nican-

170 759 212 786 dri
229 760 275 793 qui
304 759 463 786 ἐπισκύνιον
478 767 538 786 cssc
549 759 586 786 ait
598 759 628 785 τδ
638 759 730 787 ἐπάνω
741 759 796 785 τῶν
811 759 958 794 ὀφθαλμῶν

171 805 266 840 μέρος,
287 806 346 840 ἤτοι
364 805 472 840 δέρμα,
495 807 561 833 satis
573 810 680 832 constat
701 806 751 832 hoc
769 805 903 833 vocabulo
921 805 959 832 si-

169 852 292 885 gniﬁcari
313 852 407 886 pellem
423 852 608 879 imminentem
624 851 724 883 oculis,
737 857 764 880 et
776 859 824 879 eos
841 858 959 887 superne

169 901 366 931 proh-gentem,
393 905 452 931 qua!
470 898 495 924 in
517 897 640 924 leonibus
669 897 756 924 laxior
780 901 832 930 est,
858 903 885 925 et
911 897 958 925 de-

169 943 238 970 mitti
254 944 324 970 solet
349 951 409 970 cum
432 944 470 970 ira
500 943 635 975 feruntur,
657 944 826 978 providentia
841 943 957 978 quadam

169 993 274 1016 natura:
292 989 317 1015 id
330 989 444 1023 agentis.
463 997 496 1015 ne
508 994 655 1023 conspectu
672 989 786 1016 telorum
805 996 958 1023 generosus

169 1035 285 1070 impetus
297 1036 355 1067 ejus
371 1035 462 1062 bestiae
478 1036 641 1068 retardetur,
668 1043 728 1070 qua:
744 1035 809 1062 inde
824 1035 913 1063 audax
929 1041 958 1063 et

169 1080 247 1108 fortis
260 1081 350 1113 irruit,
365 1083 434 1116 quod
452 1089 521 1108 cmca
543 1081 617 1108 rabie
640 1089 759 1116 princeps
777 1081 880 1115 fertur;
899 1082 958 1117 pel-

167 1126 238 1154 libus
250 1127 457 1161 superciliorum
473 1135 506 1154 eo
530 1134 590 1155 sese
609 1128 721 1155 inferius
743 1128 957 1161 demittentibus,

167 1181 222 1207 quo
238 1173 277 1200 ira
302 1173 398 1208 majori
426 1172 581 1201 eﬂ'ervescit
607 1173 712 1201 irritata
739 1174 838 1201 bellua.
867 1175 957 1207 Quare

168 1218 234 1245 illud
259 1226 290 1245 es
322 1223 427 1245 natura:
455 1218 571 1252 peritia,
603 1219 636 1246 ad
670 1219 771 1247 furoris
804 1221 954 1254 emphasim

166 1263 399 1291 vehementissimi
424 1265 458 1291 ab
487 1263 605 1291 Homero
631 1264 665 1292 de
691 1264 768 1292 leone
787 1265 888 1292 dictum
915 1272 958 1294 est

166 1309 248 1335 Iliad.
267 1318 283 1344 p
297 1317 304 1335 :

167 1365 226 1391 Πᾶν
242 1365 269 1391 δέ
285 1365 308 1392 τ’
322 1366 476 1394 ἐπισκύνιον
492 1367 569 1394 κάτω
584 1367 695 1395 ἕλκεται
711 1367 774 1395 ὄσσε
797 1368 947 1396 καλύπτον.

168 1423 239 1450 ilinc
254 1424 398 1451 Caesarissa
413 1430 505 1452 nostra
524 1425 667 1459 imaginem
691 1430 811 1452 mutuata
836 1432 877 1453 est
901 1426 955 1453 ele-

164 1470 254 1504 gantis
273 1470 415 1504 allegoriae,
435 1470 599 1498 transferens
613 1471 771 1497 ἐπισκύνιον
795 1472 827 1498 ad
848 1473 952 1506 signiti-

164 1515 280 1542 camlum
298 1516 395 1550 capitis
413 1521 519 1551 tegmen
532 1517 659 1544 usitatum
678 1517 876 1550 professoribus
892 1518 953 1545 vitae

164 1563 333 1594 monasticte,
349 1562 418 1596 quod
441 1563 497 1596 ipsa
516 1562 647 1589 cucullum
661 1562 723 1590 alibi
741 1568 831 1590 vocat.
846 1563 871 1590 Id
889 1564 956 1591 solet

163 1609 195 1634 ad
213 1607 348 1641 specimen
375 1608 513 1634 modestia:
538 1608 616 1642 longe
644 1608 712 1634 infra
741 1609 833 1636 oculos
851 1609 955 1636 demitti

161 1658 190 1680 et
205 1653 304 1679 vultum
321 1657 402 1687 atqtte
429 1661 460 1679 os
477 1653 652 1686 inumbrare;
671 1654 861 1688 tristitiamque
881 1655 952 1682 illam

169 1698 349 1725 venerabilem
371 1703 398 1725 et
415 1698 567 1733 religiosam
591 1698 740 1731 inducere,
763 1707 824 1733 qua:
850 1700 952 1732 etiam,

162 1749 215 1769 non
232 1742 272 1769 ira
299 1743 356 1768 sola
369 1760 377 1773 ,
403 1743 485 1769 verbo
511 1741 622 1775 σκύξειν
639 1747 666 1770 et
691 1743 866 1778 σκυδμαίνειν
881 1745 953 1772 unde

162 1791 205 1813 est
223 1787 399 1818 ἐπισκύνιον,
415 1787 584 1822 designatur,
613 1788 635 1815 si
668 1789 746 1815 bonis
768 1790 952 1823 grammaticis

162 1827 299 1859 credinms
319 1841 326 1859 :
346 1833 392 1867 qui
417 1841 471 1860 non
487 1834 702 1868 improbabiliter
719 1840 862 1862 auttnnant
889 1836 952 1864 inde

160 1886 222 1906 esse
235 1879 510 1913 metagrammatismo
528 1881 645 1914 quodam
671 1881 701 1907 τὸ
719 1881 880 1916 σκυθρωπὸν
903 1883 951 1909 καὶ

164 1923 387 1959 σκυθρωπάζειν.
409 1925 478 1952 Alibi
496 1926 577 1952 etiam
602 1926 679 1954 Anna
703 1928 795 1954 eadem
823 1936 950 1955 coronam

163 1969 328 2003 imperialem
346 1978 463 2005 superne
477 1971 594 1997 clausam
607 1975 634 1998 et
644 1979 789 2000 concavam
802 1993 810 2005 ,
829 1981 860 2001 ac
877 1974 950 2002 vide-

160 2013 223 2040 licet
244 2014 357 2041 frontcm
373 2015 456 2049 ipsam
470 2022 554 2048 usque
580 2016 613 2042 ad
637 2017 780 2051 supercilia
800 2022 944 2053 tegentem,

165 2059 344 2087 translatione
359 2069 410 2088 non
439 2062 529 2088 minus
550 2067 621 2097 apta,
653 2063 810 2091 ἐπισκύνιον
833 2065 949 2100 appellat

161 2104 207 2132 lib.
226 2113 264 2132 ix.

203 2151 382 2185 Ἐπίσκοπή.
409 2152 468 2180 Lib.
489 2161 543 2180 xiv.
569 2152 682 2182 Videtur
704 2157 881 2190 csse,domus
901 2163 948 2185 aut

161 2196 287 2230 palatium
303 2199 455 2232 episcopale
474 2199 669 2234 Tripolitanum
693 2202 718 2228 in
743 2209 796 2236 quo
824 2203 942 2231 velut-in

160 2240 219 2267 loco
233 2249 321 2275 sacro,
338 2243 458 2277 deposita
477 2243 647 2278 imperatoris
664 2247 775 2280 pecunia
791 2252 831 2274 est
846 2256 859 2274 a
872 2247 944 2284 lcga-

163 2293 197 2314 ιιπ
212 2295 279 2321 (ῚΙΙΞ.

533 2357 564 2384 Ζ.

193 2424 359 2456 ΖατρΙκιον.
370 2423 477 2459 Αριιῑρὶο
487 2426 556 2452 ultro
569 2430 595 2452 et
607 2428 751 2462 comproho
759 2428 943 2463 conjecturam

157 2468 265 2496 ltlenrsii
284 2468 424 2505 ξατρίκιον
439 2472 531 2498 ludum
546 2480 605 2499 esse
623 2473 848 2507 latrunculorum,
862 2476 941 2512 vulgo

155 2516 344 2549 schaecorum,
367 2516 512 2550 opinantis.
538 2517 610 2545 Satis
635 2519 660 2546 id
687 2521 802 2547 suadent
824 2529 883 2555 qua:
908 2531 941 2550 ex

155 2561 325 2588 ltclnneteet
345 2570 478 2597 anonymo
504 2564 537 2590 de
565 2569 623 2592 arte
651 2565 757 2592 Persica
788 2569 940 2596 testimonia

155 2606 261 2632 recitat.
284 2605 338 2633 Nec
356 2607 459 2634 abludit
485 2608 560 2634 Anna
577 2618 583 2636 :
601 2610 676 2642 cujus
701 2611 820 2638 narratio
837 2612 941 2646 exigit,

157 2657 183 2676 nt
201 2651 243 2678 hic
263 2652 340 2679 ludus
353 2652 484 2686 ejusmodi
499 2654 581 2681 fuerit
596 2655 666 2689 quia
681 2656 848 2690 sedentibus,
859 2663 938 2692 atque

153 2699 220 2723 adeo
239 2698 466 2730 recmnbentibus,
488 2705 578 2733 posset
592 2702 713 2728 exerceri
736 2710 744 2729 τ
769 2703 941 2738 quandoqui-

156 2743 213 2766 dem
231 2747 333 2774 patrem
353 2751 430 2770 suum
446 2745 494 2775 ait,
508 2746 614 2772 taedium
632 2747 717 2774 noctis
739 2748 870 2776 insomnis
895 2758 940 2777 ac-

154 2785 216 2811 citis
231 2786 415 2819 collusoribus,
433 2789 466 2814 ita
484 2794 512 2814 ut
526 2795 594 2822 erat,
611 2791 818 2819 dccmnhentcm
841 2795 939 2828 adhuc,

157 2834 218 2855 ante
234 2829 331 2863 lucem,
349 2832 400 2858 isto
414 2834 582 2862 rcmissiouis
597 2844 694 2869 genere
714 2837 852 2871 fefellisse,
869 2841 939 2874 quod

133 2932 166 2942 -μ

754 105 1002 138 GLOSSARIUM
1023 105 1208 137 ANNI’EUM.

1739 105 1802 139 1224

1014 168 1092 188 nemo
1112 169 1164 188 non
1181 162 1251 189 videt
1269 166 1331 197 apte
1351 162 1484 198 quadrare
1501 162 1528 190 in
1553 162 1736 191 sebaceorum
1763 165 1800 191 ln-

1010 207 1084 234 dnm.
1098 207 1185 235 Unum
1206 208 1299 242 miror,
1316 210 1441 243 excipere
1456 209 1610 241 Meursium,
1629 212 1725 237 minus
1751 211 1798 238 sibi

1009 260 1089 287 quam
1107 254 1187 280 vellet
1214 254 1240 280 in
1261 255 1311 281 hoc
1336 255 1427 282 lavere
1452 254 1588 282 Theocriti
1614 255 1800 288 scbuliastea,

1008 300 1084 334 quasi
1102 300 1124 326 is
1141 300 1229 334 potius
1243 300 1384 336 ζατρικιου
1399 308 1496 328 nomen
1510 301 1543 328 ad
1563 301 1735 329 calculorum
1760 302 1798 328 lu-

1009 344 1071 370 dum
1090 344 1198 372 referat.
1217 345 1254 371 En
1270 346 1424 373 scholiastis
1439 347 1517 381 hujus
1535 347 1622 374 locum
1648 347 1798 382 integrum,

1009 398 1086 424 quem
1103 391 1200 425 oppido
1217 391 1339 418 mutilum
1359 392 1492 420 Meursius
1516 393 1670 428 descripsit.
1694 393 1745 421 Sic
1762 394 1803 422 ille

1008 441 1120 463 annulat
1135 437 1250 466 adlillum
1268 445 1374 465 versuta
1388 438 1471 473 itiyllii
1487 447 1502 466 v
1522 448 1530 466 :

1079 515 1136 542 Καὶ
1152 515 1197 542 τὸν
1210 516 1264 543 ἀπὸ
1276 519 1411 552 γραμμᾶς
1428 520 1498 545 κινεῖ
1514 519 1597 547 λίοον.

1007 581 1024 615 ἡ
1035 580 1062 607 δὲ
1077 581 1151 614 λέξις
1163 585 1354 620 μεταφορικῶς
1368 586 1421 612 ἀπὸ
1435 586 1489 612 τῶν
1504 587 1657 619 παιζόντων
1670 588 1706 614 τὸ
1717 598 1804 615 κοινο-

1007 627 1110 659 λέκτως
1122 628 1270 663 λεγόμενον
1279 631 1427 666 ζατρίκιον.
1443 633 1557 659 Ἐκεῖνοι
1572 634 1625 668 γὰρ
1635 634 1704 661 ὅταν
1720 635 1802 662 πολλα

1010 676 1173 710 ποιήσαντες
1188 677 1218 703 οὐ
1241 677 1368 705 δύνανται
1391 679 1493 714 ἑτέρως
1511 680 1620 714 νικῆσαι
1643 681 1692 707 τὸν
1709 682 1802 716 ὅμοιον

1007 723 1153 757 παεκτορα,
1173 723 1277 750 κινοῦσι
1292 725 1339 750 καὶ
1361 725 1405 751 τὸν
1430 726 1484 752 ἀπὸ
1497 727 1631 762 γραμμῆς
1646 727 1738 759 λίθον,
1760 729 1801 755 τιὶν

1006 767 1077 794 οὕτω
1088 768 1200 803 βασιλέα
1212 769 1390 804 καλούμενον.
1406 771 1468 797 Haec
1484 772 1530 798 ibi.
1547 771 1611 804 Quae
1627 772 1729 799 Latine
1745 775 1802 800 red-

1005 814 1067 840 dam
1078 814 1249 849 equidem,ut
1260 817 1341 842 etiam
1355 817 1398 850 qui
1415 817 1480 844 artis
1488 817 1687 852 ludendiquam
1701 819 1801 846 Gram:

1006 859 1102 896 linguae
1111 860 1289 888 consultiores
1304 867 1377 894 sunt,
1393 870 1448 890 suae
1464 864 1699 891 schnccomachia
1716 865 1800 890 artiﬁ-

1007 906 1076 933 cium
1090 907 1116 934 in
1131 907 1242 934 zatricio
1260 913 1409 942 agnoscant
1426 917 1432 935 :
1455 908 1520 935 Cum
1536 909 1600 936 dicit
1612 914 1694 943 poeta
1712 918 1723 937 :
1740 909 1771 937 Et
1786 918 1798 936 ι

1007 951 1077 978 linea
1102 951 1217 986 lapidein
1236 959 1336 986 movet,
1351 954 1488 981 dictionem
1505 956 1632 990 transfert
1653 964 1668 982 a
1691 964 1803 984 consu-

1005 998 1095 1025 tudins
1110 998 1254 1025 ludentium
1269 1007 1328 1026 eum
1353 1000 1444 1027 ludum
1460 1010 1535 1034 quem
1555 1005 1631 1038 vulgo
1655 1005 1800 1031 :atrin'an

1005 1044 1107 1071 dicunt.
1127 1044 1174 1071 Illi
1186 1046 1254 1071 enim
1267 1050 1404 1080 postquam
1420 1048 1541 1074 omnibus
1556 1049 1662 1076 tentati:
1681 1050 1759 1076 haud
1774 1058 1800 1077 se

1005 1089 1084 1116 aliter
1099 1095 1231 1123 reportare
1244 1092 1380 1118 victoriam
1391 1092 1423 1120 de
1435 1093 1564 1121 collusare
1580 1102 1654 1129 posse
1666 1098 1799 1130 sentiant,

1005 1141 1107 1161 movent
1123 1136 1156 1162 ad
1172 1141 1314 1163 extremum
1327 1146 1342 1164 α
1364 1139 1449 1171 prima
1462 1139 1531 1166 linea
1546 1141 1664 1173 lapillum
1675 1161 1685 1173 ,
1708 1150 1801 1176 nempe

1004 1181 1080 1207 illum
1095 1183 1140 1216 qui
1156 1190 1204 1208 rex
1220 1183 1380 1216 appellatur.
1398 1184 1443 1212 Sic
1459 1185 1510 1213 ille.
1523 1186 1588 1218 Quae
1603 1188 1686 1214 verba
1705 1189 1800 1215 Schae-

1005 1228 1152 1254 cotechuiaa
1185 1229 1262 1263 periti
1296 1237 1356 1256 sese
1385 1230 1534 1264 agnoscere
1574 1234 1798 1267 responderunt,

1005 1273 1230 1309 snbmoturosque
1246 1275 1327 1302 facile
1345 1276 1503 1305 calcularios
1520 1298 1527 1309 .
1543 1278 1564 1305 si
1585 1279 1730 1307 \indicare
1755 1280 1798 1307 illa

1007 1323 1120 1350 tentent,
1142 1327 1194 1346 una
1216 1322 1375 1354 exceptione
1392 1331 1397 1348 :
1415 1322 1497 1350 fuisse
1511 1324 1574 1350 olim
1588 1332 1725 1358 scrupeos
1745 1332 1772 1353 et
1784 1333 1799 1353 e

1004 1362 1101 1395 lapillis
1130 1365 1270 1397 schaccos,
1293 1372 1355 1392 cum
1381 1365 1460 1394 hodie
1488 1367 1654 1402 frequentius
1683 1371 1799 1398 ebumei

1007 1413 1147 1436 torncutur
1167 1415 1212 1436 aut
1235 1411 1324 1437 buxei.
1347 1410 1400 1439 Sed
1428 1413 1484 1440 hmc
1509 1413 1553 1441 l>ll
1581 1415 1713 1444 viderint.
1731 1417 1797 1444 Illud

1006 1460 1104 1481 nostra:
1121 1457 1312 1490 πραγματείας
1327 1463 1367 1485 est
1382 1459 1532 1493 disquirere
1545 1461 1623 1494 cujus
1634 1463 1670 1489 sit
1683 1464 1799 1498 originis

1005 1508 1055 1528 \‘ox
1073 1501 1222 1538 ζατρίκιον,
1238 1503 1338 1532 Griecaa
1358 1513 1391 1532 an
1413 1506 1542 1534 barbarae.
1570 1508 1638 1535 Sunt
1661 1509 1712 1543 qui
1745 1518 1798 1536 ma-

1004 1555 1121 1582 gnopere
1135 1551 1298 1578 contendant
1313 1552 1422 1579 verbum
1437 1560 1496 1580 esse
1517 1553 1674 1587 Persicum;
1693 1558 1797 1584 etenim

1004 1594 1137 1630 hodieque
1151 1595 1364 1624 latrunculorum
1381 1598 1471 1626 ludmn
1498 1600 1586 1628 Persis
1607 1607 1744 1638 κίειν-ρης,
1758 1603 1797 1630 vel

1002 1646 1112 1676 :ratreng
1124 1643 1263 1676 appellari.
1282 1643 1418 1672 l‘linianus
1431 1651 1524 1673 contra
1539 1649 1722 1681 csercitator,
1736 1657 1796 1684 pag.

1003 1687 1090 1719 1150,
1121 1687 1263 1724 ζατρίκιον
1292 1690 1436 1718 dictionem
1466 1699 1526 1719 esse
1553 1693 1697 1721 contendit
1725 1703 1799 1723 mere

1002 1732 1134 1766 Cra-eam,
1154 1739 1180 1762 et
1198 1735 1223 1762 in
1240 1735 1378 1763 Persidem
1397 1737 1543 1771 profectam
1562 1747 1577 1766 e
1591 1739 1713 1769 Graecia.
1733 1741 1797 1774 Qui:

1002 1781 1088 1814 enim,
1106 1781 1214 1816 inquit,
1234 1784 1313 1809 nescit
1335 1783 1414 1818 hujus
1426 1784 1483 1811 ludi
1497 1785 1668 1813 int-cntionem
1695 1787 1797 1816 Cra-cis

1000 1827 1131 1855 deberila
1146 1828 1246 1856 Crwcis
1262 1829 1342 1863 igitur
1359 1831 1395 1856 ad
1417 1831 1514 1858 Persas
1536 1840 1576 1859 res
1596 1833 1655 1867 ipsa
1666 1843 1734 1861 cum
1753 1843 1798 1862 no-

1001 1873 1070 1899 mine
1084 1874 1200 1900 transiit.
1232 1873 1295 1901 llaec
1322 1875 1393 1902 ille:
1415 1877 1441 1903 in
1473 1876 1573 1911 quibus
1597 1879 1796 1914 astipulante:-

999 1925 1167 1953 nequaquam
1184 1919 1264 1948 habet
1281 1921 1388 1949 Annam
1404 1927 1535 1955 nostram,
1554 1930 1633 1959 prout
1649 1926 1749 1955 videre
1764 1929 1796 1955 li-

999 1969 1052 1995 cet,
1067 1971 1127 1998 pag.
1146 1964 1208 1997 360,
1231 1966 1276 1993 ubi
1292 1967 1426 1995 mentione
1454 1969 1597 2003 ζατρικίου
1626 1971 1720 2006 facta,
1741 1973 1796 2001 haec

1000 2015 1062 2034 mox
1078 2009 1241 2044 subjungit:
1259 2011 1357 2037 Παιδιὰ
1377 2013 1405 2038 δὲ
1429 2013 1508 2039 τοῦτο
1525 2015 1557 2040 ὲκ
1572 2015 1621 2050 τῆς
1648 2017 1708 2043 τῶν
1735 2019 1793 2045 Ἀσ-

1001 2053 1102 2089 συρίων
1116 2054 1223 2090 τρυφῆς
1247 2055 1449 2091 ἐξευρημένων,
1473 2059 1520 2085 καὶ
1534 2061 1574 2090 εἰς
1591 2061 1667 2095 ἡμᾶς
1685 2063 1794 2090 ἐκεῖθεν

998 2099 1136 2134 έληλυθός.
1163 2099 1265 2128 Tamen
1289 2107 1448 2130 constanter
1476 2105 1561 2132 (irasci
1591 2111 1792 2140 grammatici,

996 2153 1110 2180 quorum
1127 2147 1196 2174 ratio
1211 2155 1264 2174 non
1281 2148 1414 2177 immerito
1438 2151 1554 2178 habendi
1578 2154 1710 2181 videatur
1722 2176 1730 2187 ,
1745 2156 1792 2191 ζη-

996 2192 1086 2225 τρεῖον
1099 2213 1106 2225 ,
1140 2193 1196 2220 sive
1214 2193 1338 2229 ζατρεῖον
1353 2216 1359 2228 ,
1377 2204 1390 2221 .1
1406 2204 1460 2230 quo
1481 2197 1623 2233 ζατρίκιον
1648 2206 1791 2228 extensum

996 2243 1038 2265 est
1057 2238 1254 2274 ὑποκοριστικῇ
1274 2241 1426 2274 ὲπενϐέσει,
1444 2242 1543 2269 Grame
1557 2245 1657 2279 origini
1671 2248 1792 2274 vocabu-

996 2284 1050 2311 lum
1070 2285 1214 2312 vindicant.
1248 2289 1331 2314 Sonat
1356 2292 1445 2314 autem
1471 2289 1596 2324 ἰατρεῖον
1621 2291 1791 2325 pistrinum,

997 2331 1173 2364 ergastulum,
1193 2339 1331 2358 SCI‘VOI'UHI
1359 2341 1508 2367 carcerem,
1536 2341 1583 2362 Itlll
1609 2341 1789 2365 tormentum.

995 2376 1096 2403 Auctor
1112 2376 1289 2412 Etymologici
1305 2378 1430 2413 ζητρεῑον
1455 2380 1484 2406 τὸ
1513 2382 1568 2407 τῶν
1595 2383 1704 2410 δούλων
1734 2386 1792 2411 δεσο

997 2423 1152 2458 μωτήριον,
1178 2424 1262 2458 ἤγουν
1282 2424 1327 2450 τὸν
1349 2425 1460 2460 μύλωνα
1474 2447 1481 2458 ,
1501 2427 1571 2462 quod
1591 2437 1652 2456 mos
1671 2432 1790 2458 edictum

995 2469 1069 2496 addit
1084 2469 1161 2503 quasi
1174 2470 1308 2504 δήτρειον,
1326 2471 1380 2497 (lt-tri:
1394 2471 1441 2497 τοῦ
1456 2473 1508 2499 δέω
1525 2474 1596 2507 quod
1609 2480 1653 2501 est
1675 2476 1744 2511 ligo,
1766 2482 1790 2504 et

995 2513 1068 2548 τρέω
1090 2514 1136 2541 τοῦ
1162 2515 1309 2550 φοὸοὗμαι.
1326 2516 1392 2544 Nam
1408 2525 1494 2552 ptena:
1519 2525 1599 2552 caput
1618 2521 1648 2546 ὲν
1667 2521 1790 2558 ξατρείῳ

995 2561 1164 2588 vinculorum
1182 2562 1381 2590 incommodum
1399 2569 1467 2597 erat,
1492 2566 1591 2599 quibus
1616 2568 1651 2594 ad
1675 2571 1786 2603 cippum

995 2607 1174 2641 alligabantur
1190 2608 1319 2640 infelices,
1335 2614 1362 2636 et
1382 2618 1428 2644 per
1443 2611 1536 2645 longas
1557 2612 1612 2639 illic
1639 2622 1733 2642 ntoras
1749 2621 1787 2642 L1-

994 2653 1104 2680 besccre
1119 2654 1284 2681 sinebantur.
1299 2654 1374 2682 Unde
1385 2657 1466 2683 etiam
1485 2658 1540 2692 ipse
1558 2659 1602 2685 ille
1616 2662 1716 2694 cippus
1726 2669 1786 2696 pro—

994 2701 1051 2734 prie
1067 2699 1190 2734 ζητρείον
1200 2701 1296 2733 dictus,
1306 2701 1328 2728 si
1339 2701 1490 2736 Moscopulo
1499 2705 1646 2738 credimus,
1658 2706 1786 2742 ζητρεῖον

995 2747 1091 2777 κοινῶς
1105 2747 1119 2772 ὁ
1131 2746 1260 2778 κοῦσπος.
1285 2747 1364 2774 Ἐστι
1380 2748 1408 2774 δὲ
1430 2747 1500 2780 εἶδος
1523 2750 1711 2786 κολαστηρίου
1762 2756 1786 2780 ut

991 2791 1078 2819 δοῦλοι
1093 2792 1265 2826 ὲδεσμοῦντο.
1287 2794 1339 2819 Aut
1366 2794 1446 2827 idem,
1463 2801 1509 2822 aut
1531 2796 1630 2824 similis
1659 2807 1706 2826 res
1737 2799 1785 2826 fuit

991 2838 1035 2866 ille
1053 2839 1148 2870 codex,
1169 2840 1200 2866 de
1224 2846 1278 2873 quo
1302 2840 1475 2874 Propertius,
1500 2842 1546 2868 lib.
1570 2851 1615 2875 IV,
1641 2846 1715 2880 eleg.
1735 2854 1782 2879 in,
