1854 3029
74 147 144 180 HQ?)

72 205 122 231 illo
143 210 220 229 versu
238 210 243 228 :
260 200 365 228 (Iodicis
381 197 508 226 immundi
521 195 626 223 uincula
645 195 721 221 sentit
742 201 817 223 anus,
833 197 860 218 et

66 249 219 280 .luvcnalis,
241 247 300 274 Sat.
320 255 350 277 ιι,
369 247 430 272 dum
445 245 482 270 ait
498 252 505 271 :
525 242 647 269 flesidcns
660 242 685 266 in
699 241 786 266 codice
805 238 860 272 pel-

67 297 124 322 lex.
143 295 241 321 Verum
258 293 355 320 Suidas
368 291 523 317 distinctius
533 289 649 320 explicat
665 293 748 321 genus
763 285 857 311 horutn

69 342 254 370 vinculorum,
272 338 334 364 dum
357 336 444 364 innuit
458 333 551 367 stringi
580 333 674 359 solitus
701 332 858 358 tniscrornm

70 388 156 419 pedes
175 386 275 420 paratis
292 385 361 411 intra
381 382 450 416 cippi
469 381 620 408 crassiticm
642 377 762 411 angustis
786 376 860 402 locu-

71 434 106 459 lis
123 441 131 458 :
150 432 307 464 Ποδοκάπη,
324 429 422 463 inquit,
438 426 525 453 ποδῶν
542 426 664 454 κάκωσις
679 424 692 448 ὁ
713 421 859 456 λεγόμενος

69 478 204 507 etiam;
222 476 275 503 Nec
289 474 391 502 abludit
406 471 627 499 Latino-Graecus
635 469 777 503 glossator,
790 467 858 500 apud

68 531 154 558 quem
171 523 205 548 ita
220 521 335 554 legitur:
352 520 464 552 Cuapus,
488 516 591 549 ξύλινον
615 513 766 539 σανδάλιον.
789 512 858 537 ldcm

71 573 203 598 astruttnt
219 567 321 594 Glossm
337 565 512 592 Basilicorum
528 563 589 589 dum
607 559 796 592 κουσπάτορας
810 566 859 590 φοι

68 617 207 647 ὶακιςτὰς
236 620 296 640 csse
323 613 430 638 docent.
461 608 606 639 Κούσπους
634 606 687 641 γὰρ
722 602 860 640 (addunt)

69 662 224 697 ξυλοπόδας
238 658 361 686 καλοῦσι.
383 655 515 682 Heferunt
527 654 620 684 etiam,
636 651 785 678 Salmasius
800 649 860 674 loco

67 695 131 745 iam
150 708 268 737 laudato,
286 709 312 732 ct
324 703 439 731 Carolus
457 699 570 727 Annibal
589 697 723 724 Fabrotus
741 698 769 722 in
782 695 860 722 Glos-

68 741 149 782 sario
172 750 286 784 Codrcni
299 770 306 782 ,
324 750 411 776 locum
431 749 483 775 huc
507 745 684 781 pertinentem
705 750 735 769 ex
763 741 861 767 Lexico

69 799 178 826 inedito
195 796 363 824 bililiotliccze
380 793 469 827 Regia:
484 789 629 825 Ζατρίκιον
647 788 660 814 ὁ
685 786 802 813 κοῦσπος
832 783 862 809 τὸ

67 845 131 872 τῶν
143 843 245 870 δούλων
261 841 455 874 κολαστήριον,
475 837 519 864 ubi
532 837 600 870 jacet
615 836 657 862 illa
676 834 734 868 ipsa
757 840 808 858 vox
821 831 862 857 in-

70 897 153 925 tegra
169 889 244 922 rnjns
260 887 393 922 originem
409 883 598 918 disquirimus;
616 887 696 915 quam
720 879 781 905 inde
795 876 864 904 veri-

72 936 169 963 simile
182 935 210 961 lit
227 933 288 960 lttdo
304 921 517 959 latrunculorum
532 935 584 954 non
612 926 662 953 nisi
683 921 864 958 metaphorice

70 986 207 1015 aptatam,
224 986 283 1006 cum
295 977 430 1013 proprium
449 980 528 1001 antea
549 979 626 999 usum
648 970 760 997 haberet
781 968 807 994 in
825 966 865 994 si-

71 1025 229 1061 gnificando
241 1024 337 1059 poenali
351 1028 489 1049 servorum
503 1019 606 1046 codice.
633 1016 698 1049 Quis
716 1019 806 1041 autem
821 1013 863 1039 di-

71 1059 153 1099 vinet
164 1071 232 1097 unde
244 1071 295 1096 hoc
311 1069 350 1095 sic
365 1066 555 1096 invaluerit,ut
571 1062 692 1098 supplicii
703 1059 864 1087 vocabulum

71 1117 112 1144 ad
132 1116 315 1144 remissioaem
333 1111 550 1140 transferretur?
568 1116 649 1143 qualn
671 1107 753 1134 multa
771 1104 866 1132 simili-

73 1168 122 1189 ter
139 1163 265 1188 instituta
279 1159 418 1187 cernimus
433 1164 546 1190 quorum
564 1155 643 1181 aliain
660 1160 739 1179 nemo
755 1158 865 1178 causam

72 1211 162 1242 queat
179 1206 290 1234 reddere
317 1205 366 1232 nisi
395 1203 535 1230 arbitriutn
559 1200 620 1227 talia
647 1199 762 1233 primum
792 1197 865 1222 ince-

74 1253 215 1288 ptantiuto
230 1252 241 1278 ?
256 1251 410 1288 Cogitabam
425 1248 579 1282 aliquando,
593 1253 625 1272 an
648 1252 700 1272 non
717 1264 724 1277 ,
742 1243 866 1278 quoniam

74 1299 128 1334 qui
147 1298 229 1324 \incti
254 1287 436 1323 attinebantur
458 1294 484 1321 in
505 1291 648 1327 ergastulis
665 1298 697 1317 ac
720 1288 868 1320 custodiis,

77 1344 153 1371 tmdii
172 1351 252 1371 causa
276 1342 382 1369 fallendi
395 1341 466 1368 soliti
481 1342 572 1366 essent
583 1337 720 1371 indulgere
730 1333 869 1362 forteludo

76 1390 127 1416 isti
142 1408 150 1420 ,
167 1396 220 1423 quo
233 1408 241 1421 ,
259 1395 339 1422 quam
353 1387 436 1414 solam
453 1385 588 1412 habebant
612 1383 744 1416 reliquatn
773 1379 870 1406 vinctis

77 1436 196 1470 pedibus
219 1441 344 1460 manuum
371 1430 561 1466 promovendis
578 1429 688 1456 calculis
713 1427 866 1454 libertatem

78 1485 256 1513 Ilslll‘pnl‘cnl,
271 1480 332 1506 inde
349 1478 424 1504 ﬁeret
441 1482 469 1503 ut
484 1483 580 1503 nomen
597 1473 648 1501 loci
666 1473 710 1500 ubi
740 1472 818 1498 ludus
832 1471 871 1497 la-

85 1525 276 1552 Irunculorum
291 1524 521 1558 frequentaretur,
539 1520 600 1547 ludo
626 1519 674 1554 ipsi
706 1518 871 1544 adlucresce-

81 1577 149 1599 ret:
170 1570 318 1605 praesertim
345 1576 404 1596 cum
434 1567 512 1594 facile
537 1565 652 1601 potuerit
676 1564 771 1598 cippus
801 1564 870 1588 intra

80 1624 165 1650 quem
183 1615 288 1642 inferne
305 1621 383 1641 crura
411 1612 582 1647 fugitivorum
614 1615 659 1635 aut
689 1609 740 1635 alio
765 1607 872 1634 ttontine

81 1670 90 1696 ι
104 1669 180 1689 (nitas
193 1660 321 1687 lucutium
337 1665 475 1686 servorum
499 1655 644 1683 constricta
666 1653 871 1688 premebantur,

84 1706 221 1741 superiori
233 1706 273 1733 sui
290 1710 364 1739 parte
386 1707 540 1737 coa‘quatus
556 1704 628 1727 esset
652 1700 678 1726 iu
702 1697 871 1732 supetliciem

83 1751 290 1779 (attnuitteudis
323 1749 480 1778 latrunculis
506 1747 672 1782 plagularum
691 1743 873 1777 descriptione

83 1804 183 1832 parata
196 1807 210 1823 ιι
232 1808 238 1825 :
260 1797 332 1824 unde
354 1795 434 1823 simul
451 1794 590 1829 ζατρίκιον
610 1797 681 1819 esset
697 1795 724 1817 et
741 1789 872 1820 κοῦσπος.

83 1844 145 1870 Nisi
164 1845 232 1870 lortc
243 1843 287 1869 alii
299 1840 470 1868 verisimilius
482 1842 622 1866 autumant
635 1837 716 1872 pedes
725 1835 872 1869 impedien-

85 1891 122 1916 tis
136 1889 204 1924 cippi
227 1888 384 1916 vocabulum
409 1886 470 1913 ludo
496 1883 707 1911 latrunculorum
726 1889 772 1916 per
789 1886 873 1907 trans-

85 1937 213 1963 lationem
227 1934 468 1964 accommodatum,
495 1931 565 1967 quod
583 1937 642 1965 qua!
661 1929 685 1955 in
705 1936 737 1956 eo
753 1928 825 1954 velut
848 1927 873 1952 in

86 1989 169 2008 scena
182 1981 296 2014 quadam
312 1978 388 2013 quasi
412 1985 533 2013 persmue
565 1979 792 2010 repraesentantur
809 1980 854 1999 rex
867 1993 873 2005 ,

87 2029 195 2062 regina,
209 2028 323 2062 equites,
335 2032 401 2058 clc.,
417 2024 533 2051 mondria
548 2027 572 2049 et
586 2023 666 2049 vitreo
681 2021 782 2047 latrone
796 2019 875 2046 clusit:

85 2074 265 2106 exhibentur,
280 2078 308 2099 ut
325 2071 454 2098 Martialis
468 2069 595 2104 loquitur,
609 2068 700 2101 Epigr.
723 2073 785 2092 un
798 2085 805 2098 ,
830 2065 874 2091 lib.

88 2128 141 2153 vlt,
155 2120 227 2146 hunc
242 2119 328 2152 ipsnm
345 2118 457 2143 innitens
475 2116 576 2142 ludutn.
600 2114 704 2140 Etenim
736 2112 762 2138 in
790 2112 875 2145 prima

91 2165 243 2193 structione
255 2163 323 2191 aciei
337 2171 396 2197 que
421 2162 473 2188 lttdi
500 2160 633 2194 principio
656 2159 684 2185 fit
698 2177 705 2190 .
729 2165 854 2192 proceros
868 2177 875 2188 ,

89 2211 220 2244 tanquam
242 2208 343 2243 alligati
362 2208 395 2234 ad
407 2207 514 2241 cippum
532 2205 614 2236 servi,
632 2203 658 2230 in
672 2208 792 2229 extrema
806 2201 876 2228 linea

90 2262 241 2292 potmttlurI
258 2264 306 2282 suo
322 2254 433 2289 quilibet
449 2252 544 2279 afﬁxus
562 2250 689 2277 discolori
711 2248 815 2284 quadro
835 2257 841 2274 :
862 2256 875 2273 ιι

89 2308 168 2337 tergo
195 2302 301 2336 quidem
325 2301 431 2327 clausus
454 2304 575 2326 extremo
600 2296 709 2323 Zatricii
737 2295 877 2329 margine,

90 2348 171 2382 quasi
189 2355 263 2374 muro
278 2345 407 2377 carceris,
423 2353 437 2370 a
456 2344 524 2371 facie
552 2350 616 2369 vero
634 2341 778 2375 impeditus
800 2340 878 2373 longo

92 2401 219 2430 oppanso
238 2401 315 2420 versu
330 2391 541 2419 latrunculorum
559 2391 629 2416 velut
652 2386 793 2414 custodum
809 2386 878 2412 tulli-

94 2448 165 2471 ιιιιιι,
181 2439 260 2467 hodie
274 2439 372 2474 pedites
387 2440 484 2464 vocant
500 2444 506 2462 :
524 2435 568 2469 qui
592 2435 630 2460 sic
654 2433 784 2468 producta
810 2431 878 2457 linea

93 2487 309 2523 prattmduntur,
326 2489 354 2510 ut
367 2482 498 2516 majorum
525 2480 687 2506 calculorum
710 2484 879 2504 commovere.

93 2539 157 2559 sese
169 2535 251 2565 queat
274 2530 370 2560 nullus,
391 2527 478 2562 quoad
492 2526 609 2560 perlitum
628 2524 791 2550 obstanlimn
817 2530 881 2548 con-

95 2582 186 2604 textus
206 2576 319 2610 alicujus
336 2573 506 2602 submotione
522 2574 722 2605 perrumpatur.
754 2568 880 2594 Maudras

95 2624 180 2656 igillll‘
196 2623 236 2648 hic
249 2626 328 2656 poeta
341 2625 419 2647 vocat
435 2618 554 2653 plagulas
569 2616 666 2650 quibus
681 2614 806 2641 schacchi
824 2621 880 2639 ma-

91 2669 169 2702 jul'u‘S
182 2667 296 2693 insident
311 2665 391 2691 allixi.
405 2665 535 2691 Latrones
563 2667 651 2688 autem
672 2661 786 2688 minoris
804 2659 881 2686 molis

97 2713 223 2743 :Cnclttts,
245 2712 322 2745 vulgo
336 2712 449 2743 pie’tons,
463 2710 527 2735 dicit
541 2717 546 2734 :
560 2716 626 2742 quos
643 2710 742 2733 vitreos
757 2706 818 2733 dum
833 2713 879 2739 apr

97 2758 191 2793 pi-llat,
203 2765 234 2784 ex
252 2765 282 2783 t‘a
297 2763 351 2783 tum
367 2757 476 2782 tnateria
491 2753 655 2788 frequentius
671 2752 755 2779 factos
785 2751 879 2777 innuit.

97 2804 153 2832 Sed
168 2804 223 2830 ha-c
241 2802 373 2829 curiosius
387 2801 496 2834 exsequi
513 2802 555 2826 vix
571 2804 611 2826 cst
633 2799 710 2826 tanti.

231 2897 369 2926 Ριιτιιοι..
384 2895 441 2924 Gn.
463 2894 598 2924 CXXXI.

654 141 674 170 G
681 137 840 169 LOSSARI
847 136 903 166 UM
923 134 1105 165 ANNEUM.

1622 126 1691 160 1226

1279 186 1319 212 H.

946 232 1050 266 ’Πλος-
1066 233 1155 260 Multis
1173 233 1249 264 locis,
1268 239 1321 259 non
1349 231 1454 262 clavus,
1484 231 1530 257 scd
1546 231 1637 265 cuspis
1663 239 1695 258 ac

910 281 1011 307 ferrum
1035 280 1146 311 lancem,
1162 285 1222 313 quae
1237 277 1336 305 Chriin
1356 276 1458 303 Domini
1475 276 1544 303 latus
1560 276 1639 303 fodit.

949 324 1146 359 'Hlttlozftat.
1163 323 1221 349 Lib.
1246 331 1272 354 κ,
1288 324 1336 349 sub
1353 321 1432 348 ﬁnem
1451 329 1458 348 :
1483 321 1564 347 Ἀλὶὰ
1587 321 1616 346 τὸ
1646 320 1696 354 μέ-

911 379 957 397 σον
971 371 1042 405 ἔχειν
1067 369 1121 395 τῶν
1139 368 1317 404 ἡμιλοχιτῶν.
1348 367 1419 394 Nova
1449 372 1475 392 ct
1502 367 1559 393 ham
1574 374 1635 393 νον.
1652 366 1696 392 νι-

910 416 1008 441 (lrntur
1037 415 1194 450 ἡμιλοχῖται
1221 414 1297 448 qttasi
1325 412 1423 439 Triarii
1449 413 1530 438 fuisse
1550 421 1557 438 :
1576 413 1619 446 qui
1645 419 1696 446 pn-

911 462 1054 495 gnantibus
1070 462 1129 488 aliis
1142 461 1323 491 subsidercnt,
1356 465 1494 486 servantes
1508 466 1535 484 se
1551 460 1582 484 ad
1595 458 1696 484 incerta

911 507 982 539 belli,
998 513 1025 534 ut
1037 507 1114 539 fusis,
1128 508 1149 533 si
1166 507 1242 539 forte,
1262 506 1409 540 fractisque
1423 506 1490 537 suis,
1507 504 1604 538 integri
1625 511 1694 537 prae-

912 553 976 580 liutn
989 559 1104 581 sumant.
1124 553 1180 580 Non
1211 557 1273 580 sum
1299 553 1356 586 puri
1383 551 1486 586 λοχῖται
1516 550 1698 577 insidiatores.

913 598 964 624 Sed
977 606 1069 624 eorum
1081 598 1167 625 simile
1184 598 1282 626 habent
1305 597 1453 632 quippiam,
1484 597 1587 624 idcirco
1603 595 1700 630 ἡμιλο-

913 651 986 676 xtra-

1294 699 1330 728 K.

948 757 1157 791 Ιίίιεαλλάέιοι.
1176 757 1236 785 Lib.
1260 766 1319 790 xm,
1337 757 1386 785 sub
1405 757 1484 783 liuent
1500 765 1506 784 :
1521 757 1578 792 Οὐχ
1605 757 1699 788 ἱππεῖς

916 804 1007 838 μόνον,
1022 803 1089 829 ἀλλὰ
1104 805 1149 830 καὶ
1160 804 1278 836 ὁπλῖται,
1295 808 1323 830 ιιι
1339 804 1412 830 Anna
1429 804 1486 837 ipsa
1504 803 1558 829 illic
1572 803 1700 837 exponit:

914 848 1071 882 significans
1092 849 1190 876 milites
1220 850 1310 883 gravis
1337 854 1481 875 armatura:
1513 847 1701 882 καὸαλλαρίων

916 895 1024 921 nomine
1042 895 1158 927 censori,
1176 895 1281 922 tametsi
1297 895 1400 929 pedites
1415 894 1471 922 sint
1487 901 1494 920 :
1510 895 1581 928 quod
1598 901 1611 919 a
1630 894 1701 928 glos-

915 941 1050 968 satoribus
1062 941 1303 968 (iunco-Barbarie
1318 949 1370 967 nou
1393 940 1625 971 animadversum,
1641 939 1701 966 ideo

918 990 1011 1012 uolatu
1024 986 1131 1020 (lignum
1150 986 1235 1014 vi‘ieri
1253 991 1352 1020 potest.

952 1032 1087 1065 κάθετος.
1116 1033 1174 1060 Lib.
1197 1041 1255 1065 xm,
1284 1033 1334 1060 sub
1361 1033 1476 1059 medium
1493 1041 1500 1061 :
1517 1033 1612 1065 Ὅπως
1640 1035 1705 1069 τοῖς

919 1077 969 1112 μὲν
984 1077 1115 1109 καθέτους
1135 1078 1243 1109 τούτους
1262 1077 1360 1113 ἄνδρας
1376 1078 1504 1109 ἀϐλαϐεῖς
1515 1079 1702 1114 διατηρήσειε.

918 1123 1039 1154 Κάοετος
1057 1124 1099 1151 hic
1119 1128 1161 1151 cst
1178 1124 1315 1157 proiectus
1341 1124 1367 1149 in
1385 1123 1532 1157 periculum
1548 1130 1595 1151 aut
1614 1126 1698 1159 perni-

919 1171 987 1197 cictn
1019 1175 1131 1197 certam.
1158 1169 1274 1205 Elegans
1295 1170 1320 1196 id
1338 1170 1454 1204 quidem,
1472 1169 1518 1196 sed
1548 1179 1599 1197 non
1626 1173 1706 1206 vulgo

919 1217 1073 1248 usitatum;
1102 1216 1216 1250 itlmque
1246 1215 1288 1243 hic
1315 1217 1472 1244 notandum.
1503 1217 1571 1245 Puto
1598 1217 1703 1244 Annam

921 1263 1046 1290 habuisse
1063 1263 1088 1289 in
1111 1263 1201 1288 animo
1230 1263 1316 1298 ἀμνὴν
1341 1263 1465 1296 κάθετον,
1484 1264 1517 1291 de
1534 1271 1587 1299 quo
1603 1263 1707 1298 Harpo-

921 1308 1024 1334 cralion
1052 1308 1134 1335 verba
1157 1307 1282 1338 κάθετος,
1298 1309 1368 1340 quod
1384 1308 1494 1340 exponit
1516 1309 1530 1334 ὁ
1554 1308 1707 1342 καθέμενῡς

921 1354 960 1384 εἰς
976 1354 1005 1379 τὺ
1021 1354 1141 1387 πέλαγος
1159 1354 1242 1388 ἀμνός
1257 1361 1265 1368 ·
1290 1354 1333 1388 qui
1359 1353 1487 1380 nitnirum
1510 1353 1708 1387 porriciebalur

922 1399 949 1426 in
963 1400 1049 1426 medio
1066 1399 1162 1426 fluetus
1179 1400 1325 1433 periturus.

957 1444 1096 1478 Κάμινος.
1125 1445 1208 1480 Vulgo
1237 1444 1344 1479 [ογηαπ.
1377 1443 1428 1472 Sed
1456 1443 1534 1471 Anna
1570 1452 1618 1479 pro
1642 1452 1709 1479 pyra

922 1495 1037 1525 usurpat
1052 1490 1097 1516 lib.
1113 1498 1159 1517 xv.

958 1535 1144 1562 Κανικλεῖυν.
1164 1535 1222 1573 Liln.
1241 1543 1277 1568 XI,
1295 1536 1344 1564 Sub
1361 1535 1439 1563 finem
1457 1544 1464 1563 :
1500 1536 1568 1563 Ἀπὺ
1591 1536 1640 1570 τῆς
1661 1536 1709 1562 τοῦ

923 1581 1077 1607 κανικ),εέου
1111 1581 1190 1612 ἀξίας
1218 1581 1304 1615 μέγαν
1331 1581 1509 1616 δρουγγάριον
1535 1581 1582 1608 τοῦ
1616 1581 1709 1607 στόλου

923 1628 1181 1662 προχειρισάμενος.
1213 1628 1277 1655 Vide
1303 1628 1451 1655 llleursium
1488 1632 1513 1654 ct
1550 1627 1710 1661 glossarium

921 1673 975 1701 Cetl
980 1674 1036 1701 reni
1041 1693 1049 1701 .

959 1733 1105 1760 Κάπανιιι.
1145 1732 1211 1760 Nam
1247 1740 1295 1767 pro
1336 1732 1470 1763 καπάνοις
1507 1732 1709 1759 rescribendum

925 1785 989 1813 polo
1002 1780 1148 1809 καπαναῖς.
1168 1779 1214 1805 list
1239 1785 1329 1804 autem
1358 1779 1470 1812 καπάνη
1485 1778 1638 1805 Thessalica
1652 1778 1710 1804 dia-

925 1825 994 1852 lecto
1020 1825 1088 1852 idem
1114 1825 1184 1858 quod
1215 1825 1324 1860 ἀπηνῆ,
1355 1824 1507 1850 vehiculum
1540 1828 1586 1850 aut
1615 1823 1708 1852 rheda.

926 1871 1080 1899 Eustathius
1098 1872 1130 1898 ad
1151 1870 1232 1898 Iliad.
1246 1870 1279 1904 λ’⁷
1304 1878 1364 1904 pag.
1381 1870 1431 1896 799
1444 1871 1507 1897 edit.
1524 1869 1708 1903 Frobeniana,

926 1920 969 1945 ubi
989 1918 1156 1945 euumcravit
1172 1919 1292 1951 quaedam
1311 1917 1437 1943 vocabula
1454 1918 1551 1951 quibus
1563 1917 1707 1944 adventitia

926 1963 1014 1989 littera
1049 1962 1195 2003 prtuligitur
1223 1966 1250 1987 ul
1279 1961 1408 1996 χλιαρὸν,
1439 1962 1569 1995 πήγανον,
1599 1960 1708 1996 σμίλαξ.

928 2008 1066 2043 σμύραινα.
1083 2016 1089 2023 ·
1105 2015 1164 2042 qua:
1180 2009 1246 2035 citra
1271 2007 1438 2041 cpeuthcsim
1464 2006 1588 2033 dicuntur
1604 2005 1709 2041 λιαρὸν,

926 2056 1036 2090 ἡγανον.
1056 2054 1146 2088 μίλαξ,
1170 2054 1298 2089 μὺρλινχ.
1324 2053 1385 2080 huic
1401 2053 1490 2088 generi
1511 2057 1634 2080 accenset
1661 2061 1712 2079 κα-

927 2104 1016 2135 πήνην
1050 2105 1188 2131 inisti-ani,
1219 2099 1257 2125 sic
1290 2099 1379 2124 statim
1415 2099 1581 2132 subjungens
1597 2098 1653 2124 Καὶ
1682 2098 1713 2124 τὸ

927 2147 1036 2181 καπάνη
1062 2146 1164 2180 ἀπήνη,
1189 2145 1203 2171 ὃ
1228 2146 1301 2170 ἐστιν
1328 2144 1431 2179 ἀπήνη.
1448 2143 1575 2170 Τετταὶοὶ
1596 2144 1649 2177 γὰρ
1675 2143 1712 2174 ὡς

928 2191 956 2216 ἐν
969 2191 1024 2221 τοῖς
1038 2191 1085 2216 τοῦ
1113 2189 1254 2225 Ἀθηναίου
1278 2189 1401 2222 φέρεται,
1426 2188 1475 2218 τὰς
1490 2188 1597 2222 ἀπήνας
1618 2188 1711 2221 καπή-

928 2237 1105 2270 να;·ἐλεγον,
1131 2236 1192 2262 ὅθεν
1218 2236 1265 2261 καὶ
1294 2234 1435 2261 καπανικὰ
1467 2233 1533 2268 παρ’
1562 2233 1652 2264 αὐτοῖς
1678 2233 1711 2259 τὰ

927 2282 1073 2316 ἁμαξιαῖα.
1100 2281 1145 2313 Ὦς
1172 2280 1258 2315 δηλοῖ,
1287 2279 1381 2314 φησὶν,
1413 2278 1612 2313 Ἀριστθφάνης
1630 2279 1658 2304 ἐν
1672 2278 1713 2312 τῷ

929 2326 1021 2352 Λυδῶν
1045 2326 1141 2351 δεῖπνα
1173 2325 1219 2351 καὶ
1249 2323 1402 2355 Τετταλῶν,
1433 2320 1471 2350 ὧν
1498 2323 1530 2348 τὰ
1561 2321 1713 2349 Τετταλικὰ

929 2372 996 2398 πολὺ
1024 2371 1248 2403 καπανικώτερα.
1280 2370 1341 2397 [Lee
1367 2370 1410 2396 ille
1431 2377 1490 2403 quae
1516 2368 1622 2395 abunde
1651 2373 1714 2395 sunt

928 2417 961 2443 ad
985 2417 1119 2443 notiooetn
1152 2417 1339 2443 declarandam
1364 2415 1414 2450 τῆς
1440 2415 1587 2448 κιπάνης¹
1614 2421 1628 2440 a
1659 2421 1712 2447 qua

931 2466 1019 2488 tamen
1051 2462 1155 2487 \idctur
1184 2463 1309 2488 recedere
1333 2460 1439 2491 Pollux,
1467 2461 1513 2486 lib.
1540 2467 1559 2491 I,
1583 2466 1643 2492 cap.
1669 2458 1712 2489 10,

931 2507 974 2533 ubi
994 2505 1225 2532 nomenclaturam
1242 2506 1376 2532 variartnn
1395 2513 1490 2531 currus
1513 2505 1627 2538 partium
1653 2508 1714 2530 re.t-

931 2551 996 2578 dens
1019 2551 1120 2585 virgam
1147 2558 1243 2577 currus
1259 2550 1374 2577 mediam
1400 2551 1526 2584 καπάνην
1542 2549 1648 2583 proprie
1672 2551 1714 2576 dt-

931 2601 1000 2623 ctam
1015 2597 1128 2622 asserit:
1149 2594 1180 2621 'H
1194 2595 1221 2620 δὲ
1239 2595 1309 2630 μέση
1326 2596 1421 2630 ῥάϐδος
1437 2596 1558 2629 καπάνη.

967 2653 1163 2680 Καστελλίον.
1182 2652 1261 2685 Quasi
1289 2652 1391 2678 dircrcs
1416 2652 1602 2683 Castt-lltilum,
1628 2652 1716 2678 muni-

932 2699 1076 2726 tiunculutu
1096 2698 1218 2725 videlicet
1233 2698 1321 2732 exigui
1335 2698 1462 2729 ambitus,
1476 2698 1512 2725 lib
1539 2706 1576 2724 ιι.

968 2744 1151 2777 Κατάλιισις.
1176 2744 1234 2771 Lib.
1261 2752 1300 2775 Vt,
1328 2749 1387 2777 post
1417 2744 1560 2770 medium:
1592 2744 1664 2770 Αλλὰ
1682 2745 1716 2770 τὰ

932 2793 982 2827 τῆς
999 2791 1124 2827 βοηθείας
1144 2790 1268 2817 ἐντεῦθεν
1287 2790 1358 2816 κατὰ
1374 2790 1418 2815 τιν
1437 2789 1498 2815 νοῦν
1519 2789 1565 2816 τοῦ
1582 2789 1718 2825 αὐτοκρά-

933 2847 1011 2874 τορος
1040 2839 1080 2869 εις
1101 2837 1251 2864 medium;
1275 2835 1322 2862 τοῦ
1345 2835 1520 2870 ’Δπελχασὴμ
1549 2835 1719 2869 περιίστατο.

1473 2881 1508 2911 39
