1854 3029
166 140 232 176 1227

164 199 320 230 Κατάᾱυσις
343 199 377 225 ibi
406 199 521 233 positum
551 199 658 226 videtur
688 198 749 225 ἀντὶ
771 197 829 230 τοῦ,
850 198 952 224 ἀπόλυ-

163 254 215 277 σις,
229 245 360 271 liberatio.

201 289 373 321 Κατεπάνω,
386 289 429 316 9i.
445 288 598 316 Κατεπὰνω
609 288 664 314 τῶν
677 288 840 323 ἀξιωμάτων
855 294 929 314 verto
943 295 951 314 :

166 335 328 369 Prwpositus
351 334 532 369 dignitatibus.
555 334 623 361 Puto
640 342 699 361 esse
718 334 750 360 ab
773 334 867 360 ἐπάνω
885 341 950 367 prte-

162 381 250 414 posito
276 380 359 406 κατὰ.
388 379 432 406 Bis
455 380 588 414 reperitur
614 380 640 406 in
667 379 781 413 epistola
806 379 892 405 Alexii
918 379 952 405 ad

163 425 308 452 llenricnnt
325 425 394 452 libro
411 426 501 452 tertio.
525 425 600 457 Quod
619 424 753 451 Meursius
773 424 842 450 haue
858 431 950 450 Vnt‘Clll

162 479 302 505 exponens
318 471 524 504 Redeinptorem
543 471 715 505 vectigalium
731 470 823 501 vertit,
844 469 951 504 generis

163 524 261 542 nomen
278 516 375 550 speciei
391 515 494 542 tribuit.
512 515 644 542 Videntur
659 516 730 541 enim
749 515 773 540 oi.
789 513 951 545 κατέπανοι,

165 562 205 589 vel
222 567 252 588 ut
278 562 375 588 tnclius
405 561 533 588 scribitur
565 562 615 588 hoc
641 561 710 592 loco,
742 562 765 587 οι
794 560 950 592 κατεπάνω,

163 608 225 634 dicti
242 607 325 633 fuisse
341 607 477 641 praepositi
500 607 611 634 cuilibet
633 607 684 638 rei,
699 612 728 633 ut
744 606 788 632 hic
814 606 951 640 dignitati-

165 654 225 686 bus,
247 653 283 680 (es
307 653 518 679 sttrinlendanls.
549 651 641 687 itaque
660 659 757 679 censeo
775 653 843 678 hanc
861 659 951 678 vocem

164 699 264 726 Graeca:
284 699 397 733 originis
414 703 441 726 et
461 698 592 733 analogite
611 698 688 732 plane
701 699 834 724 diversam
850 698 883 723 ab
899 697 951 722 alia

164 752 237 772 mere
262 745 376 772 barbara
405 745 538 778 sequioris
563 744 674 771 Graeciae
699 751 746 771 usu
774 743 836 770 trita
865 742 951 768 καπέ-

163 798 261 822 ταινος,
282 795 328 818 atit
352 791 513 821 καπέτανις,
532 791 571 816 vel
588 792 667 817 etiam
693 789 855 819 καπετάνιος
878 788 953 822 capi-

165 838 236 863 Im‘ne
251 837 284 863 de
304 844 357 871 qua
370 835 555 870 glossographi
569 841 609 862 sat
623 836 716 862 multa.

202 882 364 916 Κάτεργον.
382 881 523 909 Ttircniis.
549 881 614 908 Vide
639 880 768 915 glossaria
793 879 900 906 Meursii
926 884 953 906 et

166 928 277 954 Fabroti
295 928 326 954 ad
341 927 472 957 Nicetam.
494 927 540 954 lib.
566 935 593 959 κ,
625 930 685 960 post
709 925 826 952 medium
849 933 854 951 :
884 925 952 950 Ἀπ-

166 972 271 1000 όστειλε
287 971 332 998 τὸν
359 971 527 1006 καλούμενον
553 970 680 1004 δεύτερον
697 969 804 1003 κόμητα
824 967 893 1002 μετὰ
905 967 952 993 τοῦ

167 1018 233 1044 ἰδίου
247 1018 393 1052 κατέργου.

201 1064 345 1090 Καύκιογ.
361 1063 501 1096 Caucium,
517 1062 564 1090 lib.
581 1070 622 1094 tit,
643 1061 800 1095 iniepistoltt
817 1059 902 1086 Alesii
920 1059 953 1086 ad

167 1107 311 1136 llenricutn
326 1110 386 1145 jure
397 1109 492 1143 opinor
509 1116 567 1135 meo
583 1109 608 1135 in
619 1107 840 1142 interpretatione
855 1106 953 1133 retinui

167 1164 263 1182 sonum
278 1155 364 1190 ipsttm
382 1156 456 1181 vocis
469 1155 591 1182 barbara:
601 1154 773 1189 ejusdemque
785 1152 953 1187 πολυσήμου.

167 1201 232 1228 Nam
246 1206 273 1228 et
288 1201 409 1235 hydriam
425 1204 452 1227 et
469 1199 579 1226 calicem
603 1204 630 1225 et
647 1206 785 1225 nummum
800 1202 888 1224 sonat.
916 1197 953 1224 Ex

171 1247 269 1282 quibus
288 1246 446 1273 notionibus
462 1246 578 1273 secunda
601 1246 716 1271 maxime
741 1245 766 1271 iit
783 1245 854 1271 hunc
867 1244 954 1270 locutu

170 1294 307 1327 quadrat;
336 1300 384 1320 nec
409 1300 479 1319 vana
503 1291 618 1318 fortasse
644 1291 761 1324 suspicio
777 1290 823 1322 sit,
850 1291 872 1316 si
895 1291 955 1324 quis

168 1339 279 1366 calicem
296 1346 403 1365 sacrum
417 1338 449 1364 ad
465 1345 541 1364 usum
555 1336 681 1364 sacriﬁcii
700 1344 731 1363 ex
748 1344 851 1370 gemma
870 1336 956 1362 solida

169 1384 336 1418 sardonyche
357 1383 454 1410 factum
481 1382 524 1408 hic
546 1381 688 1416 intelligat.
718 1380 784 1408 Vide
799 1380 954 1409 Meursiutn.

205 1427 317 1454 ιίέλλα.
337 1427 394 1458 Lib.
407 1435 451 1458 xv.
464 1427 537 1454 Cella
557 1426 692 1453 monachi.

205 1474 356 1506 Κλτιρικοί.
369 1472 476 1505 Clerici,
490 1473 675 1507 episcoporum
694 1471 813 1503 asseclte,
830 1471 877 1497 lib.
895 1478 954 1502 xttt,

169 1519 196 1545 in
213 1518 394 1545 ltistruniento
410 1517 484 1550 pacis
499 1525 505 1542 :
523 1517 553 1542 Ol
577 1516 790 1549 Θεοφιλέστατοι
810 1517 956 1541 ὲπέσκοποι

176 1564 317 1598 Ἀμάλφης
336 1563 460 1599 Μαῦρος,
478 1563 525 1590 καὶ
542 1563 556 1588 ὁ
575 1561 622 1588 τοῦ
644 1561 780 1596 Ταρέντου
804 1561 956 1596 Ῥενὰρδος,

170 1611 216 1635 καὶ
233 1609 257 1634 οἱ
273 1609 322 1634 σὺν
343 1608 418 1644 αὐτῷ
433 1607 568 1642 κληρικοί.

207 1655 348 1688 Κόμητες.
380 1653 482 1681 Trilior
507 1655 563 1680 lizec
586 1661 635 1680 vox
652 1658 693 1681 est
723 1661 772 1680 usu
798 1653 958 1687 posterioris

171 1699 282 1727 Graecia:
299 1707 380 1733 quant
394 1704 423 1726 ut
436 1700 468 1726 de
484 1699 527 1726 illa
545 1701 692 1726 notandum
708 1699 751 1726 hic
766 1699 800 1726 sit
811 1698 957 1733 quidquam

172 1746 334 1778 distinctius,
356 1746 503 1780 praesertim
518 1753 578 1772 cum
594 1745 621 1772 iit
640 1753 669 1773 ea
681 1745 805 1780 copiosus
821 1746 855 1772 sil
869 1744 959 1772 Meur-

169 1793 244 1821 sius,
273 1799 351 1825 qttetn
373 1791 498 1817 consulas
526 1791 598 1818 licet.
624 1791 700 1818 Addo
731 1796 831 1817 tantum
861 1796 959 1825 prteler

171 1836 341 1863 notissimam
367 1836 445 1862 istaut
477 1836 613 1862 notionem
639 1835 788 1871 dignitatis,
815 1836 958 1870 aliquando

171 1881 320 1915 simplicius
341 1882 466 1914 usurpari
493 1881 563 1908 hanc
579 1889 670 1908 vocent
698 1886 726 1908 ut
755 1882 872 1916 antiquae
900 1881 959 1909 voci

170 1925 272 1952 Latina:
297 1933 382 1951 comes
412 1926 591 1959 respondeat,
616 1931 642 1952 et
675 1926 806 1953 asseclam
832 1931 877 1952 aut
910 1928 960 1954 via:

172 1971 276 1997 socium
293 1975 382 1998 sonet.
403 1970 460 1997 Lib.
479 1978 532 2002 xtv,
550 1972 598 1997 sub
611 1970 729 1997 medium
743 1972 776 1998 de
795 1973 960 2007 principibus

172 2015 255 2042 GuHS
271 2015 305 2042 ad
333 2015 521 2048 imperatorem
548 2023 609 2042 cum
637 2024 732 2050 magno
755 2018 885 2043 cemitatu
908 2018 958 2043 ad-

172 2060 298 2087 euntibus
312 2067 319 2086 :
338 2059 469 2090 Ὁπόσους
487 2060 520 2087 ἂν
536 2060 650 2092 ἕκαστος
670 2061 722 2088 τῶν
739 2062 867 2096 κομήτων
882 2061 959 2087 ἐϐού-

171 2105 233 2131 λετο
257 2105 538 2141 συμπαραλαμϐάνων
565 2106 661 2141 εἰσῄει.
674 2106 710 2132 lbi
730 2111 818 2133 tamen
834 2108 958 2142 ambigua

171 2153 256 2178 oratio
272 2152 312 2179 est
326 2157 354 2179 et
370 2153 393 2178 si
409 2160 458 2178 vox
482 2154 609 2187 κομήτων
627 2153 759 2180 referatur
777 2154 809 2180 ad
825 2154 950 2187 ἒκλστος,

173 2203 202 2224 ut
218 2203 289 2225 recte
300 2203 399 2232 potest,
414 2199 480 2224 nihil
495 2199 668 2225 innovabitur
681 2199 707 2225 in
723 2199 781 2233 ejus
793 2200 957 2234 signiﬁcatu,

173 2243 220 2270 sed
236 2248 339 2269 tantum
354 2243 376 2269 si
389 2243 521 2270 referatur
537 2244 570 2270 ad
585 2244 710 2275 ὁπόσους.

208 2290 383 2323 Κοιιιτοὺρα.
410 2289 472 2317 Lib.
498 2299 535 2317 xt.
570 2290 664 2318 Militia
694 2293 802 2327 propria
832 2294 958 2326 cujusque

173 2336 290 2362 comitis.
315 2335 474 2369 Conjunctis
500 2337 571 2363 enim
586 2338 618 2363 ad
635 2338 858 2371 oppugnatimicm
885 2339 959 2366 urbis

173 2380 271 2408 Nicetes
296 2379 452 2407 Latinorum
478 2381 603 2408 omnibus
630 2383 725 2416 copiis,
755 2383 881 2409 comitum
905 2385 961 2410 sive

175 2426 323 2460 principum
350 2427 544 2461 unusquisque,
567 2427 593 2453 in
609 2428 667 2454 loco
681 2433 755 2454 certo
771 2429 868 2462 cuique
894 2431 961 2456 assi-

175 2477 257 2507 gnato
289 2472 412 2506 proprias
442 2471 491 2498 sub
526 2473 610 2506 signis
638 2474 819 2507 peculiaribus
844 2475 962 2502 habebat

176 2520 279 2552 copias.
294 2517 347 2545 llas
360 2523 512 2544 castrorum
532 2525 558 2544 ct
579 2520 712 2546 exercitus
725 2519 839 2547 universi
860 2526 960 2554 partes,

176 2573 289 2599 quarunt
304 2572 471 2599 unaquaeque
493 2565 542 2591 sub
559 2565 658 2598 proprii
674 2566 780 2593 comitis
803 2567 961 2600 praefectura

176 2616 245 2642 erat,
259 2611 426 2646 κομιτοὺρας
442 2612 518 2638 Anna
535 2616 623 2637 vocat.

211 2656 434 2689 Κονοσταῦλος.
470 2656 572 2682 Praeter
609 2662 736 2684 annotata
776 2665 790 2684 a
833 2657 961 2690 Meursio,

178 2702 363 2732 “oves-.16).»);
394 2710 489 2729 nomen
517 2707 557 2729 est
584 2702 722 2734 dignitatis
750 2711 803 2730 non
830 2710 858 2731 ut
884 2705 963 2732 hodie

178 2748 322 2780 singularis
337 2753 363 2774 et
381 2748 467 2774 unica:
481 2749 506 2775 in
525 2753 579 2775 toto
593 2756 687 2783 regno,
702 2751 748 2776 sed
764 2757 823 2783 qua:
835 2751 962 2784 multipli-

179 2791 311 2818 cationetn
327 2794 479 2820 admitteret
499 2802 505 2821 :
530 2794 597 2821 adeo
622 2799 652 2820 ut
680 2795 754 2821 tntilli
779 2796 857 2822 simul
873 2795 961 2822 (lotio-

179 2836 256 2861 stabli
281 2844 340 2864 esse
363 2844 481 2871 possent,
517 2840 555 2866 uti
586 2839 664 2867 hodie
686 2840 865 2872 ittarcschalli,
893 2848 961 2873 quos

747 141 996 173 GLOSOARIUM
1015 139 1198 170 ANNzEUM-

1001 199 1108 222 vocant.
1125 195 1152 222 ld
1165 194 1263 222 indicat
1280 193 1366 225 Anna,
1380 192 1427 219 lib.
1443 190 1565 222 xnt,sub
1581 189 1721 221 medium,
1737 190 1795 217 dum

1002 241 1179 268 Baimnndnni
1203 240 1276 266 fa'sis
1294 241 1422 266 adversus
1439 238 1572 272 quosdam
1589 245 1710 263 suorum
1725 237 1795 263 deis-

1001 289 1121 314 tionibus
1138 287 1333 321 perturbatum,
1348 285 1428 311 anxie
1449 284 1619 310 deliberasse
1635 283 1678 308 ait
1693 291 1700 308 :
1716 282 1796 314 TIS-va;

1001 333 1058 359 ἀντ’
1073 332 1161 358 αὐτῶν
1183 330 1385 361 Κονοσταύλους
1397 329 1532 363 ποιήσειε.

1039 379 1176 410 Κόρης-α.
1191 377 1257 402 Muri
1270 376 1399 403 ambitus.
1414 374 1451 401 La
1466 375 1600 406 courtine,
1617 374 1668 400 lib.
1692 381 1732 404 ιι,
1758 374 1797 405 ubi

1002 425 1033 450 de
1056 424 1198 450 obshLonc
1223 421 1357 449 Nicazensi
1378 421 1431 447 τῶν
1451 420 1554 454 μεταξὺ
1579 420 1736 454 κορῑινῶν,
1752 426 1798 444 non

1003 475 1105 500 autem,
1125 474 1153 494 ut
1182 467 1315 494 bit-ursus
1337 467 1402 494 citat
1425 473 1456 492 ex
1483 465 1691 492 lltesclieliatiis
1707 472 1797 491 excer-

1001 515 1064 548 ptis,
1085 513 1130 539 lib.
1149 520 1207 538 vnt.

1037 557 1234 584 Κουκούλιον.
1258 555 1452 591 Tegunientnm
1474 554 1572 588 (apitis
1599 554 1798 579 monachorum

1001 606 1150 639 propritim,
1169 604 1215 630 lib.
1231 612 1275 631 XV.

1036 649 1147 677 Κοῦλα.
1164 651 1218 676 Arx
1235 649 1359 683 imposita
1374 649 1485 675 civitati.
1502 648 1562 676 Lib.
1574 656 1615 680 si,
1631 648 1686 675 sub
1705 648 1798 674 linem:

1001 696 1056 730 Τὴν
1085 696 1176 731 μέντοι
1194 695 1342 730 ἀκρόπολιν
1357 695 1424 729 ὅπερ
1449 694 1534 720 κῶλα.
1551 694 1601 721 νῦν
1624 693 1642 727 ἠ
1673 693 1798 727 συνήθεια

1000 744 1094 770 καλεῖν
1122 743 1228 775 εἴωθεν,
1252 743 1291 768 ἔτι
1309 742 1409 768 Κὲλτοι
1424 743 1562 777 κατεῖχον.
1594 740 1684 768 Libro
1708 742 1798 768 eodem

1001 797 1048 815 arx
1065 789 1233 815 Antiochena
1253 788 1337 814 κῶλα
1352 792 1471 815 vocatur.

1037 846 1207 872 Κύπελλον.
1235 844 1341 876 Pollux,
1358 844 1406 871 lib.
1424 852 1460 874 vt.
1484 851 1546 877 cap.
1579 844 1627 874 i6,
1655 851 1798 870 «omnium

1003 891 1053 917 hoc
1077 889 1235 916 vocabulum
1267 889 1370 923 poculis
1399 889 1544 920 onmibus,
1580 889 1632 915 sed
1665 890 1796 923 poeticum

1002 935 1143 969 agnoscit:
1173 934 1209 960 Τὸ
1222 935 1276 969 γὰρ
1298 934 1382 966 δέπας
1412 934 1459 960 καὶ
1484 934 1626 960 icti-uenosi
1659 934 1796 967 :otqttxi.

1002 979 1117 1007 Videtur
1135 985 1224 1006 tamen
1241 979 1316 1006 Anna
1329 980 1354 1005 id
1371 988 1501 1013 usurpare
1514 988 1562 1013 pro
1583 985 1665 1006 certo
1685 981 1797 1013 quad-aui

1001 1033 1101 1060 genere
1115 1033 1145 1051 ac
1168 1025 1254 1051 forma
1283 1025 1381 1058 poculi,
1408 1026 1469 1051 dum
1497 1025 1543 1050 lib.
1574 1032 1624 1055 xv,
1652 1026 1708 1051 sub
1724 1025 1798 1051 θυεμ

1003 1070 1042 1097 sit:
1066 1070 1161 1097 seribit
1178 1079 1184 1096 :
1201 1070 1294 1103 ’Ύδωρ
1309 1069 1394 1095 ἐδίδου
1408 1068 1451 1095 διὰ
1471 1069 1517 1095 τοῦ
1532 1069 1692 1101 κυπέλλου,
1715 1070 1746 1095 οὐ
1770 1069 1799 1094 δι’

1003 1117 1167 1151 ἐκπώματός
1180 1125 1251 1151 τινος
1264 1115 1363 1147 πίνειν,
1376 1116 1419 1142 ἵνα
1437 1116 1473 1150 μὴ
1497 1117 1607 1148 γένοιτὸ
1628 1117 1653 1141 οἱ
1671 1117 1799 1146 mnia;

1002 1163 1138 1194 δυσκόλως
1153 1163 1218 1197 περὶ
1234 1163 1283 1197 τὴν
1307 1162 1471 1193 κατάποσιν,
1501 1162 1737 1196 φλεγμαινούσης
1755 1163 1798 1196 τῆς

1004 1209 1132 1244 ὐπερῲης
1142 1210 1189 1235 καὶ
1197 1209 1281 1242 αὐτῆς
1297 1209 1329 1243 δὴ
1340 1209 1388 1242 τῆς
1403 1208 1542 1243 γλώσσης,
1556 1214 1613 1234 etc.
1629 1207 1796 1234 Βριιιειηίεηιι

1004 1255 1121 1288 αἰτίηᾘὶ
1140 1261 1164 1281 et
1181 1254 1303 1288 expressi
1320 1259 1349 1281 ut
1377 1254 1460 1288 potui,
1486 1254 1559 1285 quod
1579 1254 1655 1280 idem
1677 1253 1796 1280 usurcnit

1005 1302 1031 1328 in
1050 1306 1103 1328 tutu
1121 1301 1175 1328 fere
1189 1302 1238 1327 ista
1255 1301 1437 1334 descriptione
1447 1301 1533 1326 morbi
1546 1305 1574 1326 et
1588 1300 1691 1326 mortis
1703 1300 1794 1331 Alexii,

1005 1346 1049 1372 ubi
1069 1347 1151 1373 ('Util'x
1177 1347 1418 1373 iutntmerabililnts
1436 1346 1534 1380 passim
1561 1346 1674 1373 lacunis
1692 1347 1758 1377 hiat,
1773 1350 1794 1371 et

1004 1399 1065 1426 qua)
1080 1393 1206 1419 continue
1226 1391 1308 1418 refert
1324 1392 1553 1419 incorrectissima
1569 1392 1699 1419 exhibet.

1041 1437 1146 1470 Κῦρος.
1169 1437 1330 1464 ΙΙθιιοι-ἱῐῑι-ίε
1347 1437 1575 1471 conipcllationiS‘
1591 1437 1729 1468 formula,
1751 1439 1795 1463 mi-

1007 1489 1102 1509 nutum
1117 1491 1149 1509 ex
1167 1483 1262 1517 κύριος
1277 1489 1305 1510 ut
1319 1483 1391 1517 apud
1409 1483 1520 1510 Latinos
1537 1484 1660 1510 domnus
1692 1491 1725 1509 ex
1750 1483 1794 1510 do-

1007 1530 1091 1556 mino.
1122 1527 1181 1555 Lib.
1212 1537 1272 1561 xm,
1304 1529 1452 1563 imperator
1475 1533 1502 1555 et
1530 1529 1589 1562 ejus
1621 1529 1697 1555 ﬁlius
1725 1528 1794 1562 quasi

1006 1575 1114 1608 proprie
1125 1580 1151 1601 et
1164 1575 1342 1607 appellatione
1355 1575 1466 1608 privatis
1480 1582 1531 1600 llOn
1546 1575 1743 1605 conveniente.
1753 1574 1797 1600 r3-

1008 1628 1053 1654 ρος
1074 1621 1190 1648 dicitur;
1209 1621 1278 1646 unde
1295 1619 1364 1646 forte
1377 1625 1498 1647 nostrum
1517 1619 1598 1652 Sire;
1616 1620 1701 1655 κῦρις
1718 1621 1795 1646 eti-nt

1007 1665 1106 1692 iterum
1120 1670 1147 1692 et
1165 1666 1244 1692 tertio
1258 1665 1327 1692 idem
1345 1666 1481 1699 Angustus
1517 1662 1716 1699 compellatur.
1742 1665 1795 1691 Non

1008 1715 1096 1737 tatnen
1115 1718 1223 1746 semper
1246 1718 1359 1738 summa:
1384 1716 1490 1737 servata
1511 1712 1643 1746 potestati
1673 1711 1727 1738 fuit
1743 1712 1796 1737 lia-c

1008 1763 1071 1788 vox,
1100 1757 1147 1783 sed
1177 1756 1333 1790 promiscue
1367 1757 1490 1791 personis
1517 1757 1662 1783 honoratis
1687 1758 1795 1783 attrit-ui

1006 1801 1083 1836 prius
1098 1802 1212 1829 solebat.
1243 1801 1360 1828 Sanctus
1384 1801 1520 1828 Maximus
1550 1802 1577 1828 itt
1602 1801 1795 1829 dissertatione

1007 1854 1068 1873 cum
1095 1846 1201 1882 Pyrrho
1221 1847 1260 1874 sic
1277 1854 1339 1873 eum
1363 1854 1452 1873 secum
1476 1846 1632 1880 loquentem
1655 1847 1723 1873 facit
1740 1856 1746 1872 :
1765 1847 1794 1872 Ti

1008 1902 1049 1919 σοι
1065 1893 1149 1919 κακὸν
1161 1893 1341 1928 ἐποιήσαμεν,
1357 1892 1422 1928 κῦρι
1440 1893 1513 1919 ἀῦεα
1532 1892 1646 1927 Μάξιμε
1661 1900 1670 1925 ;
1699 1893 1793 1919 Videti-

1007 1939 1072 1966 dum
1088 1940 1170 1966 etiam
1189 1946 1222 1966 an
1247 1946 1300 1965 non
1317 1939 1450 1972 religiosae
1473 1938 1649 1973 appellationi
1678 1939 1791 1964 caelitum

1007 1985 1102 2012 eadem
1117 1992 1167 2011 \ox
1192 1985 1306 2016 serviat,
1325 1989 1354 2010 ut
1388 1983 1472 2018 κῦρος
1497 1983 1639 2018 Parim-{tog
1668 1984 1705 2010 ab
1723 1985 1791 2010 Antia

1009 2036 1186 2062 memoratus,
1205 2031 1241 2058 sit
1257 2031 1337 2058 divus
1350 2030 1493 2065 Georgius,
1515 2035 1545 2057 ut
1569 2037 1620 2057 nos
1647 2030 1790 2064 loquimur.

1376 2100 1408 2126 A.

1043 2155 1148 2188 Λὶᾥος.
1167 2155 1328 2191 ’Ἄνθρωπος
1345 2155 1440 2189 λίζιος,
1450 2157 1550 2183 ltomme
1564 2156 1627 2190 lige,
1638 2157 1790 2192 ὑποχείριος

1007 2202 1110 2233 δοῦλος,
1130 2202 1307 2236 jurejurando
1331 2202 1401 2236 quod
1424 2206 1522 2229 vocant
1557 2203 1700 2230 iidelitatis
1724 2203 1790 2230 alicui

1008 2247 1077 2274 velut
1094 2247 1208 2280 principi
1228 2246 1387 2278 obstrictus,
1403 2250 1429 2272 et
1442 2246 1536 2273 beneﬁt
1547 2247 1615 2273 iario
1627 2247 1693 2281 jure
1715 2248 1790 2274 obnuv

1009 2293 1068 2319 xius
1083 2292 1176 2319 cliens.
1203 2291 1268 2319 Vide
1283 2292 1427 2319 Mcursium
1442 2298 1468 2318 et
1481 2292 1652 2319 Glossarium
1667 2295 1703 2320 ad
1725 2293 1792 2320 Nior

1009 2344 1108 2365 cctam.
1132 2338 1235 2370 Quibus
1256 2338 1315 2364 addi
1342 2338 1458 2372 plurima
1484 2343 1597 2372 possunt
1623 2347 1656 2365 ex
1686 2339 1792 2367 lectione

1009 2384 1171 2417 scriptorum
1189 2383 1287 2410 cititnat
1308 2386 1459 2416 vetustatis,
1478 2385 1578 2419 passim
1595 2386 1688 2412 cuivis
1711 2387 1791 2413 obvia.

1046 2429 1253 2464 Λογγιϐαρδιά.
1278 2429 1305 2456 Si
1322 2430 1381 2464 quis
1399 2431 1449 2456 hoc
1473 2438 1570 2456 nomen
1591 2431 1698 2465 vulgari
1725 2432 1792 2460 hodie

1011 2476 1119 2502 notione
1133 2476 1245 2509 accipiat
1262 2482 1309 2508 pro
1334 2475 1476 2509 subalpina
1503 2475 1590 2508 Italia,
1623 2485 1708 2511 quam
1737 2478 1791 2505 oliui

1011 2522 1125 2550 Romani
1151 2522 1304 2548 citeriorem
1335 2522 1449 2549 Galliam
1478 2523 1633 2556 vocabanl‘,
1662 2531 1706 2551 me
1730 2525 1751 2551 is
1770 2525 1791 2550 in

1011 2569 1095 2594 Anum
1117 2567 1233 2594 Historia
1253 2567 1398 2602 plurimum
1414 2567 1540 2601 falletur;
1558 2568 1584 2594 in
1597 2576 1631 2595 ea
1658 2570 1732 2596 enim
1746 2577 1790 2596 sa:-

1011 2614 1069 2648 pitts
1085 2613 1209 2639 Calabria
1226 2618 1269 2638 aut
1293 2613 1437 2647 Campania
1465 2614 1517 2640 isto
1537 2615 1649 2641 nomine
1675 2616 1791 2650 designa-

1013 2663 1064 2684 tur.
1081 2657 1146 2684 Pttla
1165 2657 1232 2684 libro
1249 2656 1335 2691 primo
1354 2658 1398 2683 ubi
1429 2658 1462 2684 de
1484 2658 1568 2685 initiis
1593 2659 1710 2687 Roberti
1723 2661 1791 2688 Cal:-

1012 2703 1077 2730 bria:
1092 2702 1188 2729 ducis:
1211 2702 1282 2728 cuia
1316 2710 1409 2730 socero
1437 2704 1563 2730 tribulatn
1594 2704 1681 2732 fuisse
1708 2711 1790 2733 urbem

1012 2750 1076 2775 dicit
1097 2750 1120 2774 in
1137 2748 1326 2783 Λογγιὸαρδίᾳ
1344 2749 1424 2775 sitam
1451 2748 1581 2783 φρούριον
1598 2756 1733 2778 vocatam.
1753 2751 1791 2778 Est

1012 2799 1101 2820 autent
1116 2802 1166 2820 arx
1177 2793 1273 2820 civitas
1289 2794 1327 2820 sic
1345 2794 1414 2820 dicta
1433 2801 1484 2821 non
1500 2794 1579 2829 longe
1595 2802 1610 2821 a
1635 2795 1740 2830 Capua.
1763 2798 1789 2824 de

1012 2845 1062 2872 qua
1086 2838 1112 2864 in
1125 2837 1200 2865 Nolis
1213 2837 1245 2864 ad
1263 2845 1324 2865 eum
1353 2837 1442 2866 locum
1474 2839 1580 2866 dicetur
1602 2839 1718 2876 aliquid.
1741 2842 1789 2875 Qua
