1854 3029
28 46 102 77 233

57 102 242 137 Σέκρετα.
258 103 315 133 Etsi
329 113 380 134 vox
395 106 492 135 Latina
517 113 569 141 est,
593 113 682 139 tamen
709 120 806 139 novatn
824 117 850 139 et

24 149 198 177 reteribus
218 150 292 178 haud
308 156 399 179 notam
415 145 518 189 accepit
537 163 550 181 a
565 155 666 183 Grtccis
692 159 851 185 recentiori-

24 202 84 221 )us
107 196 283 223 notionem.
307 196 447 232 Signillcat
462 201 546 233 enim,
564 201 588 227 ni
607 202 695 235 fallor,
708 204 849 235 tabularia.

24 239 93 266 aive
116 248 195 274 qua:
221 242 343 269 arehivia
362 244 441 277 vulgo
456 244 592 278 dicimus;
613 247 712 274 scrinia
732 253 758 274 et
776 248 850 275 locu-

28 292 72 311 οε
95 285 225 313 chartis
240 288 407 316 autlieuticis
434 294 491 316 tuto
516 292 702 319 custodiendis
729 299 849 328 paratos.

24 329 112 357 l‘um
135 332 233 358 etiam
263 341 406 361 consessus
434 336 563 364 lectorum
589 338 726 366 hominum
753 341 851 373 quibus

24 377 180 409 cognitio
198 378 235 404 de
252 379 332 406 rebus
358 387 390 407 eo
414 382 589 409 attinentibns
617 384 776 412 demandata
799 391 849 413 est.

24 419 76 447 Ita
97 428 278 455 usurpatur,
298 425 320 451 si
338 429 410 452 recte
425 431 546 460 autumo,
564 428 611 455 lib.
632 436 674 461 nl,
689 437 749 464 pag.
769 431 812 458 85.

75 468 287 502 Σεργέντιος.
319 470 380 497 Lib.
405 479 466 504 XIII.
490 480 616 508 sergenl;
641 482 690 502 vox
717 475 818 502 Gallica
837 483 851 503 c

24 513 153 540 Latino
168 515 299 544 serviens.
316 520 343 542 ut
357 517 465 550 quidam
481 519 583 552 volunt,
607 528 667 547 Culll
682 522 715 547 ali
733 529 747 548 ιι
764 522 852 549 Cmsa-

27 560 142 586 rianis
160 560 312 588 deducant.

81 605 266 639 Σέρμωνες.
281 607 383 642 Navigii
400 617 494 643 genus,
508 610 555 636 lib.
575 618 617 643 ιιι,
632 611 700 638 infra
715 613 849 645 medium;

32 650 124 677 forte
145 659 160 677 ιι
181 651 268 686 αείρω
283 653 369 686 traho,
386 655 456 688 quod
471 656 595 683 remulco
608 657 760 685 trahantur.

81 696 219 728 Σιάους.
239 697 296 725 Lib.
316 705 352 730 νι,
382 706 442 733 pag.
469 700 531 732 170,
558 702 670 728 nuntius
685 703 726 729 vel
744 703 846 737 legatus

37 740 197 769 Sullanis.
213 741 271 768 Vox
287 743 398 770 Tureica
415 745 547 779 hodieque
579 747 688 775 usitata.
713 748 757 775 Sic
779 750 851 776 enim

39 788 160 820 passim
175 787 258 822 legati
273 795 404 817 vocantur
417 798 483 825 quos
495 792 645 820 Turcorum
657 795 802 829 imperator
818 795 852 822 ad

41 833 125 859 alios
143 833 284 867 principes
302 835 396 862 mittit.

89 879 204 913 Σιγνα.
224 880 309 907 Ccrtm
325 881 416 915 ﬁgura:
431 883 513 910 ductu
530 885 627 912 calami
656 886 805 920 designata;
822 887 848 913 in

44 924 166 952 chartis
179 928 402 960 conventionum,
429 929 462 955 ab
480 930 513 956 iis
538 930 704 962 hominibus,
726 933 771 966 qui
789 940 863 964 cum,

46 970 183 997 Scribere
197 972 334 999 nescirent
347 973 479 1008 ejusmodi
495 975 572 1008 signa
596 975 654 1003 loco
673 976 852 1011 subscriptio:

47 1016 101 1042 nis
119 1017 270 1050 ponebant.
303 1018 348 1046 Sic
378 1025 523 1054 usurpatur
551 1021 609 1048 haec
631 1029 681 1048 vox
711 1022 759 1048 lib.
790 1030 849 1055 xui,

50 1069 122 1095 pag.
140 1062 204 1089 416.

94 1108 222 1135 Σκάλαι.
242 1109 301 1137 Lib.
319 1118 356 1137 vr.
376 1110 459 1138 Certa
484 1112 542 1139 loca
559 1113 635 1140 urbis
659 1113 851 1142 Constantino-

52 1154 201 1188 politanm.
219 1154 283 1182 Vide
297 1155 455 1184 Meursium.

111 1201 343 1228 Σουλτανίκιον.
360 1202 424 1236 Pag.
441 1203 475 1230 95
505 1208 531 1230 et
544 1204 619 1232 alibi.
636 1206 699 1232 Haec
714 1212 764 1232 vox
780 1205 849 1240 apud

57 1246 170 1272 Annam
186 1246 239 1273 duo
252 1247 395 1281 signiﬁcat,
415 1249 503 1276 locum
521 1250 578 1277 sive
591 1250 722 1283 palatium
750 1256 779 1278 et
802 1259 841 1278 aur

59 1290 120 1317 lam
135 1291 248 1317 sultanis
265 1294 363 1320 summi
382 1293 533 1322 Turcorum
552 1295 694 1329 principis,
716 1301 743 1323 et
760 1297 849 1330 digni-

63 1339 153 1361 tatem
172 1335 243 1362 illam
260 1336 354 1370 ipsam.
371 1338 449 1365 Patet
463 1346 494 1365 ex
513 1340 605 1367 multis
619 1339 685 1367 locis
699 1348 757 1374 quae
767 1340 851 1368 lector

62 1378 93 1404 in
109 1378 164 1412 ipsa
179 1378 296 1407 lectione
309 1381 388 1408 facile
403 1383 518 1411 notabit.

105 1425 301 1461 Σπούὸεργος.
330 1427 390 1457 Lib.
407 1436 452 1460 xv.
479 1434 539 1464 post
552 1430 683 1463 medium,
713 1431 852 1465 eleganter

65 1476 167 1498 novata
195 1479 244 1499 vox
271 1473 303 1499 ad
343 1473 549 1508 signiﬁcandum
575 1483 690 1510 gnavum
719 1481 747 1504 et
779 1482 851 1505 stre-

67 1524 166 1544 nuunt.

106 1564 266 1598 Στρατηγίς
282 1569 382 1591 certam
395 1566 553 1599 qualitatem
569 1572 615 1594 aut
629 1568 676 1600 jus
700 1570 777 1595 urbis
804 1569 852 1596 de-

71 1614 147 1636 notat
164 1611 203 1637 cui
222 1612 274 1638 tale
291 1611 446 1646 adjunelum
462 1614 614 1647 apponitur,
632 1619 743 1648 utpatct
766 1622 781 1642 e
803 1615 850 1642 lib.

68 1663 121 1682 xui
138 1660 264 1684 extremo.
280 1657 409 1684 Similiter
667 1679 676 1687 .

108 1701 321 1735 Στρατηγάτον.
343 1703 379 1730 De
393 1708 483 1730 castro
497 1704 621 1731 videlicet
636 1705 736 1731 dictum
750 1704 793 1738 jus
803 1704 852 1731 ali»

73 1746 144 1779 quod
159 1747 271 1780 prtesitlii
289 1752 335 1774 aut
354 1748 522 1783 privilegium
548 1749 646 1781 innuit,
671 1749 740 1776 forte
771 1750 852 1783 quale

75 1791 177 1818 urbium
193 1799 283 1819 earum
300 1793 326 1820 in
342 1793 428 1821 Gallia
448 1799 475 1821 et
497 1795 587 1829 Belgio
610 1802 669 1828 quae
684 1795 852 1822 Castellaniae

77 1842 213 1865 vocantur.

112 1883 381 1918 Στρατοπεδάρχης.
408 1885 521 1912 Videtur
557 1886 702 1920 peculiaris
729 1887 850 1920 qmedam

78 1927 204 1961 dignitas;
232 1928 277 1955 lib.
307 1937 354 1961 xu,
388 1929 422 1956 de
445 1932 548 1965 aspiete
574 1941 580 1958 :
607 1932 852 1967 Στρατοπεδάρχην

77 1974 243 2007 τετιμηκὼςς
266 1975 327 2001 item
343 1976 422 2008 paulo
439 1978 562 2011 superius
587 1985 594 2003 :
620 1978 850 2014 Σρατοπεδάρχην

78 2019 155 2045 αὑτὸν
170 2018 275 2051 ὴξιώκει
291 2020 381 2054 πάσης
402 2020 557 2056 Ἀνατολῆς,
572 2029 624 2049 etc.

114 2063 271 2096 Συνήθειιιι.
294 2064 353 2092 Lib.
373 2073 413 2097 ιιι,
434 2066 458 2095 in
475 2067 548 2092 Bulla
567 2068 654 2094 Aurea
670 2076 753 2102 genus
769 2070 853 2096 vecti-

82 2109 146 2143 galis
158 2109 194 2136 sic
207 2110 317 2137 dictum.
336 2111 497 2138 Guillcliuus
512 2113 620 2147 Tyrius,
650 2114 696 2141 lib.
726 2123 754 2141 ιιι
772 2123 779 2141 :
809 2115 852 2141 Ita

83 2158 109 2180 ut
124 2161 136 2179 ο
158 2159 288 2188 conspectu
306 2155 607 2189 Cortstantt'uopolitame
633 2159 755 2190 rivitalis,
787 2167 851 2192 pro-

82 2204 204 2226 curatores
230 2209 290 2227 suos
316 2202 418 2227 habere!
444 2203 699 2236 quironsnetudines
717 2213 732 2230 (ι
756 2210 850 2232 trans-

81 2245 191 2272 euntibus
232 2247 375 2278 exiqerent.
420 2246 487 2274 Vide
529 2247 666 2276 Novellum
708 2249 851 2278 Iustiniani

80 2286 168 2322 cuxtu,
191 2292 230 2318 ubi
245 2292 311 2326 Περὶ
335 2293 495 2327 κουφισμῶν
519 2294 674 2328 συνηθείας.
702 2295 768 2322 Sunt
783 2296 850 2322 alic-

82 2337 126 2364 ubi
143 2337 265 2371 hodieque
294 2338 318 2364 in
337 2338 425 2365 Gallia
438 2339 559 2373 qmndam
575 2341 693 2373 portoria
710 2349 769 2374 qua:
784 2349 851 2368 con-

83 2381 223 2409 suctudiucs
237 2388 375 2410 vocantur.

119 2428 297 2461 Συμπιίιῖειαι.
314 2429 374 2456 Lib.
391 2437 431 2460 ιιι,
446 2434 473 2455 et
489 2429 536 2456 lib.
554 2437 591 2461 ix,
619 2430 761 2457 manifeste
787 2435 850 2457 sunt

86 2473 244 2500 remissiones
274 2482 359 2508 parum
383 2483 448 2508 quas
477 2474 578 2502 Gallice
607 2475 696 2509 greces
723 2475 849 2507 dicimus,

87 2519 183 2553 quando
200 2520 312 2546 convicti
343 2520 466 2547 criminis
489 2520 649 2553 Supplicium
681 2521 757 2553 plena
775 2525 851 2554 pute-

87 2569 149 2591 statc
161 2565 282 2598 principis
309 2566 488 2592 condonatnr.
515 2564 608 2597 Venia,
630 2564 763 2597 remissio,
794 2566 851 2592 sive

89 2610 185 2637 remissa
203 2616 229 2637 ut
248 2611 366 2645 loquitur
386 2615 478 2638 auctnr
492 2611 676 2637 commentarii
692 2611 716 2636 in
737 2610 849 2638 Paulum

87 2656 210 2683 Ambrosio
227 2657 318 2683 tribuli
335 2657 367 2683 ad
385 2657 463 2683 Rusti.
483 2664 521 2688 vi,
543 2656 585 2683 Μ.
603 2655 742 2690 Signiﬁcat.
756 2657 848 2683 cadent

90 2709 135 2728 vox
149 2702 206 2736 apud
223 2702 325 2729 Annam
355 2710 407 2729 non
437 2710 498 2729 raro
528 2703 690 2729 tributorum
713 2702 850 2729 condona-

94 2747 167 2776 tiones
195 2753 237 2776 aut
273 2748 452 2776 relaxationes
480 2748 640 2781 debitorum,
679 2747 846 2783 συμπάθειαι

632 55 878 88 GLOSSARIUM
901 58 1080 90 ΛΝΝᾸΞΠΜ·

1624 62 1690 94 1234

900 113 1075 148 δημοσιακῶν
1089 115 1255 152 ὀφλημάτων
1273 123 1278 142 :
1299 116 1362 143 item
1377 116 1545 152 συμπάθειαι
1567 118 1621 146 τῶν
1644 122 1688 147 λε,-

903 162 1027 194 γομένων
1053 162 1210 196 συνηθειῶν.

935 207 1120 240 Συμφωνεῖν.
1143 207 1275 234 Peculiari
1299 208 1407 235 notione
1429 209 1583 236 ﬁdelitatem
1608 211 1688 239 alicui

903 251 1023 284 proﬁteri
1040 256 1067 278 et
1091 251 1149 285 ejus
1180 252 1321 287 ἄνθρωπον
1342 253 1425 285 λίζιον
1448 254 1516 282 ﬁeri.
1537 256 1566 281 ιιι
1588 257 1689 291 scripto

900 298 1059 326 Concordiae
1073 299 1212 327 Baimundi
1231 301 1280 327 sub
1297 300 1387 331 ﬁnem,
1405 301 1452 329 lib.
1469 310 1528 330 xui.

931 353 1106 387 Σφαιρίζὲιν.
1119 353 1176 380 Lib.
1188 362 1225 384 Ix.
1236 360 1295 387 post
1304 355 1420 382 medium
1433 364 1440 382 ε
1453 356 1484 382 Et
1495 357 1522 382 δὲ
1533 358 1688 392 σφαιρίζον-

898 405 932 423 τα
943 397 1036 423 τοῦτον
1045 396 1098 424 εῐδέ
1107 398 1228 431 τις.ριιὶε
1239 399 1345 426 dubitet
1355 399 1398 426 hic
1410 401 1564 435 σφαιρίζειν
1574 410 1632 430 esse
1643 404 1685 438 pi-

901 443 926 470 la
943 442 1055 470 ludere?
1079 443 1170 478 Pergit
1188 453 1194 472 :
1208 445 1238 471 Et
1254 445 1281 471 δὲ
1304 446 1499 480 ῑππαζόμενρν,
1522 449 1587 475 εἰδὲ
1601 450 1686 476 ῐππα-

902 489 962 519 νίας
983 487 1153 522 ποιούμενον.
1165 489 1235 524 Ergo
1246 490 1378 517 distinctae
1390 492 1598 520 exercitationes
1609 503 1688 529 σφαι-

903 533 988 568 ρίζειν
998 539 1022 561 et
1036 535 1175 566 ἱππάζειν.
1190 536 1270 569 Atqui
1288 536 1366 570 paulo
1379 541 1437 570 post
1449 537 1488 564 sic
1499 538 1579 565 habet
1591 539 1666 566 Anna
1680 550 1687 567 :

900 579 1075 614 Σφαιρίζοντι
1092 580 1145 615 γάρ
1168 589 1234 606 ποτε
1250 581 1288 615 τῷ
1309 582 1490 617 αὐτοκράτορι
1513 584 1584 609 κατὰ
1605 585 1634 610 τὸ
1660 587 1689 612 ὲν

901 624 1011 659 μεγάλῳ
1023 625 1145 660 παλατίῳ
1161 625 1323 660 ἱππηλάπιον
1340 626 1587 662 (ιιιιΜῐππηλάσιον
1603 631 1634 656 ad
1648 631 1690 664 pi-

900 669 951 695 lam
960 670 997 704 ἳ).
1008 670 1114 705 Pergit:
1135 671 1217 706 Ἀνήρ
1227 680 1268 703 τις
1279 671 1415 706 βάρϐαρος
1427 673 1456 704 ἑξ
1470 674 1625 708 Ἀρμενίων
1641 677 1688 702 καὶ

900 715 1029 751 Τούρκων
1046 718 1116 750 φὺς,
1138 717 1214 751 ξίφος
1238 717 1338 744 ἔσωθεν
1360 718 1414 744 τῶν
1442 718 1553 752 ἁμερίων
1580 721 1686 755 φέρων,

899 761 968 788 ἐπὰν
984 763 1030 788 τὸν
1047 763 1234 797 αὐτοκράτορα
1251 763 1306 790 τῶν
1322 764 1556 798 συσφαιριζόντων
1573 766 1687 792 ἀνασει-

900 806 1021 841 pinna.
1035 807 1080 834 τὸν
1094 808 1203 842 χαλινὸν
1225 808 1431 842 ἀπολειφθέντα
1452 809 1594 843 ἐθεάσατο,
1610 811 1653 845 ἐφ’

899 853 1087 880 πνευστιῶντα
1109 853 1154 880 τὸν
1179 854 1263 880 ἵππον
1290 853 1438 888 αναψύξιι,
1463 860 1517 882 ου’.
1542 856 1579 882 En
1603 864 1688 890 eque-

899 899 963 925 stris
979 899 1054 925 lusus
1071 899 1141 933 pilae.
1159 900 1273 932 Quinam
1299 900 1322 926 is
1338 907 1403 927 vero
1418 901 1479 927 est?
1498 900 1580 928 Video
1600 904 1689 929 simu-

899 943 974 970 lacra
998 943 1057 970 belli
1081 945 1163 971 armis
1180 945 1292 972 decursa
1314 947 1523 981 σφαιρομαχὶας
1548 947 1686 974 veteribus

901 988 997 1016 dictas.
1022 989 1088 1016 Nam
1119 997 1151 1017 ex
1169 989 1289 1021 Polluce,
1317 991 1362 1018 lib.
1380 999 1410 1018 ιιι
1433 1001 1439 1018 ε
1468 984 1524 1018 Κᾶι
1556 992 1591 1018 τὰ
1616 993 1688 1019 ὅπλα

900 1034 1013 1068 σφαῖραι
1023 1042 1030 1050 ⁸
1046 1034 1093 1068 ἀφ’
1105 1032 1142 1061 ὧν
1154 1035 1200 1062 καὶ
1215 1035 1246 1062 τὸ
1263 1038 1464 1071 σφαιρομαχεῖν
1477 1037 1524 1063 καὶ
1535 1045 1688 1072 σφαιρομα-

899 1079 955 1111 χια.
980 1078 1037 1105 Non
1069 1080 1174 1107 videtur
1201 1088 1265 1115 ergo
1298 1089 1358 1108 esse
1380 1089 1459 1115 posse
1483 1083 1591 1109 dubium
1621 1085 1686 1118 quin

900 1124 1056 1159 σφαιρίζειν
1085 1125 1123 1152 sit
1145 1126 1277 1152 interdum
1295 1127 1363 1160 apud
1388 1128 1504 1158 Annam,
1521 1135 1618 1162 equum
1633 1128 1685 1154 dn-

900 1172 996 1198 mitare
1024 1175 1105 1204 atque
1131 1171 1158 1198 in
1183 1172 1275 1198 orbem
1294 1180 1383 1207 agere,
1409 1178 1454 1199 aut
1468 1178 1594 1208 equestre
1614 1175 1686 1201 ludi-

898 1222 973 1242 crum
991 1217 1146 1244 decurrere.

936 1262 1109 1296 Σχιδευμός.
1123 1262 1182 1290 Lib.
1199 1270 1239 1295 ιιι,
1259 1264 1284 1290 in
1305 1263 1380 1291 Culla
1400 1272 1500 1292 aurea:
1520 1266 1686 1300 Σχιδευμοίις

900 1307 946 1333 καὶ
964 1308 1183 1342 ἀποσχιδευμοὺς
1200 1313 1312 1336 autumo
1334 1309 1481 1336 scissioncs
1494 1314 1528 1337 et
1548 1311 1686 1338 reseissio-

899 1359 946 1378 nes
969 1359 1056 1379 rerum
1079 1353 1280 1387 judicatarum‘,
1302 1354 1342 1380 vel
1365 1361 1588 1387 contractarum,
1612 1363 1686 1390 post:

899 1404 980 1430 quam
1008 1397 1176 1425 solemnibus
1205 1399 1275 1434 juris
1305 1399 1427 1426 formulis
1451 1401 1563 1428 (innatas
1598 1406 1684 1428 sunt:

899 1450 978 1476 quam
995 1448 1155 1476 potestatem
1176 1446 1273 1472 summi
1290 1445 1457 1479 principatus
1475 1447 1610 1481 propriam
1635 1448 1685 1474 im-

899 1493 1008 1522 perator
1025 1488 1079 1516 illic
1094 1490 1172 1516 matri
1191 1491 1385 1518 communicat.

935 1533 1000 1560 Σὼα
1023 1534 1136 1567 πίστις.
1164 1534 1283 1569 Videtur,
1307 1536 1352 1563 lib.
1378 1545 1433 1570 xiv,
1459 1544 1520 1564 esse
1549 1537 1615 1564 ﬁdes
1641 1537 1683 1564 illa

900 1586 979 1611 quam
1005 1579 1152 1606 solemnem
1177 1580 1331 1614 imperatori
1358 1586 1405 1609 aut
1428 1583 1482 1616 regi
1506 1582 1685 1616 jurejurando

900 1624 1059 1658 interposito
1077 1624 1291 1660 proﬁtentnrqni
1313 1633 1406 1653 eorum
1420 1626 1473 1660 juri
1487 1634 1516 1653 se
1538 1626 1684 1660 subjiciunt

900 1675 926 1695 et
940 1676 1032 1696 eorum
1049 1669 1171 1696 homines
1186 1671 1262 1697 liunt.

1274 1735 1304 1762 Τ.

938 1793 1044 1826 Τέμπη.
1062 1792 1176 1826 Τέμπης
1193 1792 1322 1827 singulari
1336 1800 1448 1820 numero
1466 1794 1542 1820 vallis
1562 1793 1596 1819 ab
1609 1793 1683 1820 Anna

901 1838 1009 1870 dicitur,
1027 1838 1211 1872 singulariter,
1234 1842 1262 1864 ul.
1290 1838 1405 1864 videtur.
1437 1838 1503 1864 Aliis
1528 1839 1599 1864 enim
1628 1838 1684 1864 fere

901 1882 996 1915 plurali
1014 1889 1078 1908 voce
1088 1881 1121 1907 τὰ
1132 1882 1229 1917 Τέμπη
1247 1883 1384 1909 dicuntur.
1402 1881 1489 1909 Locus
1501 1886 1542 1908 est
1558 1881 1604 1908 lib.
1622 1890 1682 1912 xm.

901 1931 960 1960 post.
992 1927 1109 1954 medium
1132 1936 1150 1962 τ,
1168 1927 1228 1953 ὅθεν
1255 1928 1279 1953 οἱ
1305 1927 1403 1953 Κελτοὶ
1429 1928 1469 1957 εἰς
1494 1927 1541 1961 τὴν
1569 1927 1683 1962 Τέμπην

901 1973 1077 2007 ἐμπεσόντες.

938 2020 1030 2045 ΤΙλια.
1047 2018 1107 2045 Lib.
1125 2025 1172 2044 xui
1187 2026 1194 2044 :
1214 2018 1266 2043 Σὺν
1289 2014 1329 2048 οἷς
1348 2017 1397 2043 καὶ
1414 2017 1478 2052 τρία
1496 2017 1578 2044 τίλια.
1605 2017 1683 2045 Certa

899 2069 988 2090 castra
1004 2069 1052 2090 aut
1067 2064 1123 2089 loca
1141 2063 1181 2090 sic
1195 2063 1276 2089 dicta.

938 2108 1155 2142 Τοποτηρητής.
1183 2107 1242 2135 Lib.
1272 2115 1313 2139 lli,
1348 2112 1408 2142 post
1444 2108 1573 2140 medium,
1605 2109 1681 2135 aliter

900 2160 1046 2190 usurpatur
1062 2162 1142 2188 quam
1161 2159 1190 2180 ut
1212 2153 1292 2188 vulgo
1310 2153 1377 2180 solet
1397 2161 1445 2188 pro
1461 2154 1563 2180 vicario
1593 2159 1684 2188 partes

899 2202 1012 2235 alicujus
1031 2209 1062 2227 ac
1075 2200 1162 2227 locum
1174 2199 1314 2226 subeunte.
1334 2199 1369 2225 lbi
1389 2199 1460 2226 enim
1482 2198 1624 2226 manifeste
1638 2206 1684 2226 so-

899 2247 1111 2282 natprml'ectuiu
1128 2247 1184 2273 urbi
1203 2246 1282 2273 alicui
1299 2245 1419 2272 munitm.

937 2294 1049 2327 Τυρεία.
1067 2293 1126 2319 Lib.
1146 2300 1183 2323 ix,
1205 2299 1264 2326 pag.
1278 2291 1326 2318 25l
1343 2300 1351 2318 ς
1371 2291 1489 2324 Ἀγνοῶν
1511 2291 1560 2326 τὴν
1574 2289 1621 2317 τοῦ
1635 2291 1683 2317 αὑ-

899 2340 1064 2374 τοκράῖορος
1085 2337 1145 2364 κατ’
1159 2337 1241 2364 αὑτοῦ
1271 2337 1541 2363 κατασκευασθεῖσαν
1561 2337 1680 2371 τυρείαν.

900 2385 1001 2419 Τυρεία
1015 2378 1104 2411 astuta
1128 2388 1154 2410 et
1170 2383 1242 2409 vafra
1266 2383 1440 2410 machinatio.
1468 2382 1624 2409 Eustathius
1648 2382 1680 2407 ad

900 2430 979 2456 l/iatl.
995 2429 1034 2456 ές
1051 2430 1087 2455 Τὸ
1106 2429 1134 2454 δὲ
1145 2428 1268 2463 τυρεύειν
1284 2428 1358 2462 καὶὴ
1376 2427 1472 2462 τυρςία
1498 2427 1621 2462 μοναχῶς
1636 2426 1682 2453 ἐπὶ

899 2475 1067 2510 φαυλότητος
1085 2474 1198 2501 τίθεται.

938 2520 1122 2553 Τιιροφάγος.
1138 2520 1202 2553 Pag.
1220 2519 1249 2546 51
1269 2529 1275 2545 :
1292 2519 1443 2546 llebdonias
1456 2519 1482 2545 in
1495 2527 1525 2545 ea
1544 2518 1680 2544 Dmniuira

899 2566 1025 2592 desinens
1043 2572 1122 2598 quant
1139 2572 1187 2590 nos
1211 2563 1463 2598 Quinquagesimam
1491 2571 1627 2591 vocamus.
1649 2570 1679 2588 ea

900 2610 1048 2638 bebdomas
1062 2609 1217 2643 τυροφάγος
1240 2609 1339 2635 dicitur
1364 2609 1434 2642 quod
1462 2616 1507 2642 per
1529 2615 1587 2634 caui
1610 2607 1681 2634 vesci

899 2656 986 2682 adhuc
1000 2662 1080 2682 c-iseo
1092 2655 1195 2682 liceret.
1211 2654 1316 2681 Etenim
1328 2654 1517 2681 abstinentiam
1532 2653 1680 2680 solemnem

899 2700 1077 2735 vernijejuuii
1098 2700 1184 2727 Grreci
1201 2701 1294 2727 diebus
1309 2701 1431 2726 undecim
1448 2699 1580 2726 maturius
1598 2706 1677 2732 quatit

900 2755 948 2776 nos
962 2747 1098 2774 inchoauit.
1116 2747 1167 2774 Sed
1185 2747 1209 2774 in
1230 2755 1261 2774 eo
1277 2746 1436 2781 quibusdam
1455 2745 1582 2781 gradibus
1597 2750 1679 2772 utun-
