1854 3029
98 106 175 142 1245

612 109 740 139 SERMO
758 109 806 138 DE
827 107 925 138 ZONA
941 108 982 137 SS
1009 107 1200 138 DEIl’AB/E.

1651 101 1718 135 1246

95 157 144 186 ιω
160 151 293 187 ροιεηιῐας
311 151 428 184 Domini,
445 151 549 179 auditas
575 152 655 180 faciet
676 160 770 179 omnes
796 152 887 178 lauda-
902 151 924 178 A
939 151 1008 177 liter.
1025 150 1115 185 Diligit
1125 158 1187 178 vero
1201 150 1282 177 etiam
1296 148 1495 177 sanctissimum
1509 151 1534 174 et
1550 146 1718 174 Paracletutn

94 199 186 232 tiones
200 198 275 231 cjnsl
288 199 299 225 ?
311 208 320 223 ι
340 203 385 225 attt
396 199 530 233 quomodo
542 208 645 232 possent
660 208 708 233 ego
723 201 773 227 hoc
788 199 885 234 duplici

96 245 161 274 luce
176 245 347 279 resplendens
361 245 468 275 festum,
480 246 569 272 verbis
589 253 721 273 exornare
730 245 885 278 splendidis,

96 290 218 324 primum
246 291 353 323 quidem
379 296 407 317 ιιι
437 290 488 317 Deo
504 291 620 323 placeam
635 311 641 321 ,
658 297 684 317 et
699 291 722 317 ei
733 311 740 322 ,
754 299 811 324 ψιέ
826 298 886 316 eum

98 335 206 369 peperit
223 336 281 362 sine
292 336 406 368 sumine,
423 341 449 362 et
475 336 553 370 plane
578 337 749 365 ineffabiliter
767 345 774 363 :
794 337 889 363 deinde

95 381 192 412 etiam,
210 385 237 406 ut
257 381 354 414 prosim
375 381 406 409 iis
425 401 431 412 ,
452 382 496 415 qui
518 387 700 410 convenerunt
724 387 751 408 ct
769 382 889 417 jucunde

94 426 258 453 exsultant?

137 472 180 498 ΙΙΙ.
194 474 273 504 Atqui
296 474 348 500 vita
366 474 474 507 quidem
491 474 597 501 excelsa
613 483 809 509 carens,quam
826 483 888 502 con-

95 519 282 546 Venithabcre
296 528 353 549 eos.
385 521 429 554 qui
453 521 544 547 volunt
560 521 677 548 scribere
696 531 703 548 :
723 532 732 547 ι
753 523 888 556 (primum

97 564 172 590 enim
188 567 268 598 coepit
294 565 372 592 Jesus
394 565 490 597 facere,
519 567 614 594 deinde
631 567 768 600 docere”)
789 578 798 594 ι
811 569 891 602 quin-

102 611 187 636 etiam
214 612 329 644 spiritali
359 620 440 644 egens
463 613 605 645 oratione,
618 614 743 647 (oportet
755 615 826 640 enim
844 614 892 640 litt-

99 664 183 689 gnam
203 657 302 683 habere
320 659 497 692 theologicam
511 679 518 689 .
533 664 561 686 ut
581 668 632 688 non
645 667 711 694 optts
726 660 824 687 habeat
839 661 891 687 alio

99 706 262 728 convertere
278 704 381 734 Oculos,
396 712 476 738 quam
494 706 526 730 ad
543 704 615 732 viros
634 706 750 738 divinos,
765 707 810 740 qui
826 707 889 733 olim

100 748 186 778 locuti
203 753 265 774 sunt
281 749 393 780 pulchre
405 755 432 776 et
447 751 627 786 panegyrice)
652 753 718 779 nihil
738 753 809 780 aliud
837 754 891 780 eﬁi-

98 794 173 820 ciatn
189 795 330 827 oratione,
353 804 433 828 qttam
462 798 582 824 molestia
611 798 723 825 afficiam
746 807 813 832 eos,
844 801 890 833 qui

98 844 298 873 convenerunt,
314 841 438 869 indecora
457 844 600 870 verborum
618 845 756 872 humiliate
769 865 776 877 ,
797 851 823 873 et
842 847 890 872 ob-

102 892 240 915 scura.ac
267 887 528 915 inornatadictioue.
546 888 597 915 Sed
616 895 705 917 tamen
721 891 771 917 viri
791 891 892 917 ﬁdelis-

100 931 165 957 simi
180 931 321 966 implentes
339 932 530 965 obedientiam,
548 939 574 961 et
591 934 658 968 ejus,
673 936 718 970 qui
739 941 779 963 est
797 937 892 964 divinis

100 975 232 1009 repletus,
247 984 339 1003 eatntts
353 978 408 1011 jam
440 979 536 1012 duplex
566 979 598 1006 ad
628 979 723 1007 festum
755 980 893 1008 laudanda:

101 1028 212 1056 semper
236 1026 262 1048 et
290 1024 376 1050 beatze
404 1024 533 1058 Virginis.
552 1034 560 1050 ι
577 1025 655 1051 Dabit
670 1026 740 1052 enim
759 1025 869 1052 verbum
884 1047 892 1058 ,

101 1067 202 1100 inquit,
233 1068 360 1095 Domitnts
383 1070 629 1103 evangelizantiluts
649 1070 746 1098 virtute
767 1072 859 1098 multa.
880 1081 889 1098 ι

139 1113 184 1141 IV.
199 1116 254 1148 Age
267 1123 331 1142 vero
351 1116 415 1143 huic
435 1116 535 1146 divino.
562 1116 702 1144 excellenti
728 1121 754 1143 et
774 1116 893 1150 jucundo

103 1158 159 1185 diei
171 1166 268 1185 novum
281 1159 386 1193 aliquod
397 1160 474 1194 prius
487 1168 673 1195 comparemus
685 1165 709 1188 et
723 1168 894 1196 exaequemus

103 1205 344 1237 spectaculmn,et
368 1206 403 1231 ita
428 1206 506 1233 nobis
525 1207 673 1233 orationem
698 1199 894 1240 consequenter

103 1250 296 1284 suppeditante
315 1259 355 1280 ea.
374 1259 433 1286 quae
451 1253 508 1279 sine
522 1252 583 1279 ttllis
599 1253 650 1279 loci
673 1253 803 1288 angustiis
813 1254 893 1286 cepit,

104 1303 138 1322 ac
155 1297 288 1322 continuit
302 1297 454 1324 c0nsi<tens
471 1297 586 1324 Verbum
600 1297 688 1324 Patris
700 1318 707 1330 ,
736 1299 895 1333 adjiciamus

105 1350 224 1371 coronas
241 1343 424 1369 encomioruut
442 1343 492 1374 his,
508 1344 608 1378 quibus
621 1348 662 1371 est
678 1349 782 1378 gratum
796 1344 894 1372 festum

103 1391 134 1414 et
153 1387 293 1414 amborum
311 1387 379 1414 festo
396 1387 539 1415 aﬁ'erautus
551 1397 593 1419 ea,
609 1397 668 1423 qua:
688 1395 729 1416 est
744 1395 896 1417 consenta-

105 1440 198 1460 neum.
217 1433 355 1465 Quomodo
370 1435 440 1461 enim
454 1435 596 1468 propositis
611 1435 726 1469 geminis
738 1456 745 1466 ,
761 1436 806 1470 qui
832 1444 897 1470 gau-

105 1480 179 1506 dium
197 1480 312 1507 aﬁ‘erunt
327 1481 423 1511 oculis.
442 1481 497 1508 sole
512 1501 519 1513 ,
535 1481 644 1516 inquam
658 1501 665 1514 ,
684 1481 872 1516 resplendente
883 1502 890 1514 ,
906 1479 930 1510 C

105 1530 134 1553 et
149 1525 280 1552 orientem
297 1526 459 1557 illustrante.
475 1532 502 1553 et
514 1526 576 1553 luna
589 1535 649 1554 cum
666 1527 814 1561 splendidis
828 1528 896 1555 stel<

107 1571 142 1598 lis
162 1576 267 1598 ttoctetn
280 1571 422 1598 obscuram
437 1571 606 1598 illuminante
618 1593 624 1604 ,
637 1578 682 1599 aut
697 1574 777 1600 etiatn
793 1573 898 1600 duobus

109 1617 212 1644 solilms
228 1618 380 1644 orientibus
396 1622 462 1643 nutu
473 1622 499 1643 et
515 1617 681 1650 providentia
709 1618 809 1648 divina,
828 1622 855 1644 et
882 1626 897 1645 a

109 1664 190 1691 Patre
206 1669 276 1690 mota
305 1663 450 1695 voluntate,
465 1668 505 1690 est
527 1663 686 1690 admirabile
711 1667 738 1690 et
765 1663 899 1690 ineffabile

111 1711 156 1740 iis.
171 1710 217 1744 qui
236 1710 280 1736 hic
303 1710 411 1739 adsunt.
445 1709 626 1743 spectaculum
644 1717 650 1735 :
668 1709 703 1735 ita
720 1709 800 1736 etiam
815 1728 822 1741 ,
841 1716 899 1742 quae

110 1764 183 1783 nunc
211 1756 286 1783 adest
302 1755 440 1789 splendida
456 1759 482 1782 et
497 1762 601 1782 sumnta
613 1754 755 1782 celebritas
767 1775 774 1786 ,
792 1755 818 1781 in
851 1763 899 1782 nos

109 1803 212 1831 emittit
230 1803 366 1829 radiorum
386 1802 513 1829 micantia
533 1801 648 1836 fulgura,
666 1806 692 1829 et
705 1802 783 1836 hujus
799 1801 900 1828 ﬁdelis-

111 1850 175 1877 siuti
201 1849 290 1882 populi
320 1849 555 1883 congregationem
577 1869 584 1880 ,
612 1852 738 1883 tanquam
765 1853 899 1874 astrorutn

109 1895 311 1923 multitudinem
329 1902 396 1928 pette
408 1894 627 1921 innumerabilem
643 1912 651 1925 ,
676 1893 758 1920 mittit
777 1893 809 1919 ad
834 1897 901 1919 teut-

112 1941 187 1976 plum
202 1941 271 1974 ejus.
287 1947 347 1974 quae
363 1943 404 1966 est
417 1947 478 1966 vere
497 1944 522 1966 et
541 1940 650 1973 proprie
676 1938 789 1972 Deipara
805 1946 812 1964 :
833 1937 901 1964 divi-

114 1993 218 2019 nosque
234 1985 334 2017 radios,
351 1985 513 2018 odoresque,
528 1983 686 2010 suavissime
711 1983 843 2016 spirantes
860 1981 901 2009 ef-

113 2030 201 2059 fundit
231 2028 459 2058 innumerabiles,
486 2032 513 2055 et
547 2028 690 2062 persuadet
710 2027 792 2054 Deutn
812 2034 902 2060 prom-

113 2076 237 2111 ptissimo
249 2075 402 2109 gloriﬁcare
413 2074 503 2100 animo
517 2093 524 2105 ,
540 2073 675 2108 quomodo
698 2080 730 2100 ex
759 2072 901 2107 terrigenis

113 2129 194 2149 nemo
210 2120 290 2147 fuerit
318 2120 450 2146 elocutus.
479 2119 536 2146 Non
557 2122 647 2153 potest
668 2118 740 2145 enim
763 2118 900 2145 exhauriri

113 2168 172 2200 ejus
187 2167 318 2193 bonorum
334 2165 479 2200 scaturigo.
491 2165 537 2192 Est
551 2164 829 2199 perennisthesanrus
844 2164 901 2196 ejus
918 2151 940 2180 θ

114 2213 316 2242 miraculorum.

153 2259 184 2286 V.
201 2259 229 2286 Si
245 2260 328 2290 enim,
342 2261 371 2286 ut
386 2258 514 2288 diximus.
527 2263 567 2284 est
586 2256 672 2284 dulcis
686 2261 712 2284 et
739 2254 905 2283 desiderabi-

117 2305 149 2332 lis
164 2310 190 2331 et
207 2304 332 2333 eximius.
345 2308 373 2329 et
389 2303 448 2330 beta
462 2303 543 2329 eflicit
554 2303 634 2330 corda
654 2303 745 2330 oriens
774 2303 817 2329 hic
842 2301 903 2334 sol,

117 2352 162 2385 qui
179 2355 219 2377 e~t
235 2351 266 2378 ad
282 2355 397 2383 tempus.
411 2355 434 2376 et
456 2354 496 2376 est
510 2349 678 2380 interiturus,
707 2349 813 2375 etiamsi
831 2347 904 2374 solus

119 2398 203 2423 fuerit
217 2397 307 2423 lucens
321 2402 345 2424 et
368 2395 521 2422 illuminans
538 2404 545 2420 :
562 2399 662 2428 quanto
683 2394 768 2428 magis
781 2414 787 2424 ,
807 2398 884 2426 putas
897 2413 904 2425 ,

118 2443 241 2469 Chri~lns
272 2442 312 2468 sol
340 2441 451 2474 justitim
477 2447 525 2465 nos
555 2439 687 2465 illuminat
709 2438 904 2472 jtteundissima

121 2489 179 2521 eius
193 2488 292 2520 Specie,
306 2492 332 2513 et
350 2485 547 2520 pulchritudine
564 2485 691 2513 fruentes,
711 2492 758 2517 per
779 2484 905 2510 immate-

123 2535 215 2564 riales,
230 2534 349 2567 inquam,
366 2532 555 2565 gloriﬁcantes,
570 2533 597 2556 et
614 2529 772 2563 purissimas
788 2529 905 2563 preces?

122 2589 130 2604 ι
159 2580 213 2615 Ego
227 2582 295 2606 cnim
310 2580 317 2612 (
331 2579 416 2612 inquit
434 2576 589 2612 Sapientia)
603 2584 648 2602 eos
663 2595 670 2607 ,
685 2575 728 2608 qui
742 2582 782 2601 me
795 2577 907 2606 amant,

119 2627 202 2660 diligo
217 2626 237 2652 ³.
257 2635 265 2650 ι
280 2625 330 2658 Qui
348 2630 437 2650 autem
454 2623 538 2657 diligit
548 2622 656 2654 Filium,
675 2626 703 2647 et
715 2621 797 2648 Deum
814 2625 840 2645 et
856 2620 905 2646 ho-

121 2672 222 2699 minem
236 2670 385 2701 Christutn.
402 2669 489 2703 diligit
514 2676 574 2696 eum
599 2675 706 2701 quoque
719 2688 726 2699 ,
745 2666 791 2701 qui
818 2666 904 2700 ipsum

120 2718 215 2755 genuit
228 2718 286 2743 sine
306 2722 435 2749 tempore,
450 2720 512 2742 ante
526 2714 617 2741 omnia
630 2713 736 2742 stecula.
749 2716 775 2739 et.
787 2711 909 2738 ineffabi-

175 2809 185 2834 ι
212 2809 286 2838 Psal.
302 2816 345 2842 cv,
361 2809 389 2836 2.
419 2809 428 2824 '
444 2807 506 2834 Act.
521 2814 540 2840 ι,
555 2807 580 2834 1.
626 2808 637 2824 ³
652 2806 804 2837 Prov.vnt,
822 2804 864 2830 l7.

939 197 1080 232 Spiritum,
1093 201 1121 223 ut
1132 197 1233 223 honore
1242 196 1381 230 :equaletn,
1391 200 1418 223 et
1427 201 1613 223 consessorem
1635 193 1723 220 Patris

938 248 962 270 el
981 243 1052 273 Filii,
1069 247 1094 268 et
1113 248 1141 268 ιιι
1155 242 1200 276 qui
1218 249 1250 268 ex
1266 241 1346 268 Patre
1373 240 1481 274 quidem
1505 238 1627 273 procedit
1644 258 1651 270 ,
1674 244 1722 272 per

938 288 1035 314 Filium
1053 293 1142 314 autem
1160 288 1192 313 ad
1208 294 1313 312 omnem
1329 286 1400 319 pium
1419 285 1544 311 mittitur.
1571 283 1662 317 Diligit
1675 290 1723 308 au-

941 339 993 360 tem
1009 334 1086 360 simul
1101 337 1127 367 (ο
1137 333 1311 359 excellentem
1324 332 1367 358 Dei
1379 329 1570 363 teconomiam)
1581 336 1651 359 eam,
1662 335 1722 362 qua:

941 380 1068 408 ineffabili
1089 385 1115 407 et
1129 379 1260 413 stupenda
1278 378 1383 405 ratione
1395 378 1420 403 in
1434 376 1536 403 ultimis
1554 374 1722 408 temporibus

941 427 1072 454 continuit
1087 426 1254 460 unigenitum
1268 423 1384 450 Verbum
1398 422 1486 449 Patris
1498 441 1505 454 ,
1519 424 1546 448 et
1566 419 1636 455 quod
1660 426 1721 446 cum

942 481 974 500 eo
990 477 1031 499 est
1049 480 1146 505 expers
1162 471 1294 505 principii.

977 518 1022 545 Vl.
1035 517 1133 545 llabuit
1150 518 1231 548 enim,
1249 517 1341 543 habuit
1364 515 1391 542 in
1410 520 1486 541 utero
1513 513 1672 540 intemerata
1698 514 1725 537 et.

941 565 1081 598 impolluta
1110 563 1225 589 Verbum
1254 561 1329 592 illud,
1359 560 1429 595 quod
1462 559 1545 586 caelos
1572 557 1725 585 constituit.

943 610 1038 636 llabuit
1053 609 1079 635 in
1096 612 1172 635 utero
1183 615 1254 637 eum,
1269 606 1312 638 qui
1330 614 1418 640 pugno
1431 605 1520 631 omnia
1543 604 1683 633 continet,
1700 606 1727 628 et

920 656 970 690 \(o
982 655 1170 686 castissimam,
1190 659 1217 679 et
1237 652 1299 679 nulli
1315 652 1399 686 culpzc
1421 651 1524 679 afliuem
1539 671 1546 683 ,
1563 658 1641 684 quam
1656 649 1726 675 exti-

944 704 1067 728 mescunt
1080 699 1260 732 intelligentes
1271 705 1367 724 omnes
1382 695 1553 730 hierarchitc)
1571 694 1686 729 gestavit
1699 693 1724 720 itt

944 751 1021 775 utero
1035 754 1106 778 etttn,
1119 745 1162 780 qui
1184 752 1232 771 nec
1247 743 1391 775 contineri,
1411 750 1461 769 nec
1484 741 1550 769 adiri
1578 744 1666 775 potest
1694 739 1727 765 ab

944 793 1071 819 universa
1089 795 1223 822 creatura,
1241 790 1323 816 Dettm
1338 788 1486 823 perfectum
1501 792 1527 814 et
1541 785 1647 822 (verum
1661 785 1726 820 quid

945 839 991 865 tibi
1005 837 1054 870 rei,
1070 844 1086 864 ο
1105 836 1218 870 benigne
1232 840 1258 862 et
1273 835 1403 866 clemens,
1419 841 1481 860 cum
1497 832 1626 859 mendicis
1640 835 1667 858 et
1682 830 1728 857 ab-

941 884 1021 918 jectis
1032 884 1062 917 ?)
1077 882 1211 910 hominem
1229 881 1388 916 perfectum,
1406 879 1540 914 duplicem
1555 882 1662 908 natura,
1676 884 1727 902 una

944 935 1033 956 autem
1050 928 1244 956 consistentetn
1275 933 1402 961 persona.
1427 924 1486 951 Non
1515 924 1587 951 enim
1615 921 1729 949 dicimus

944 975 1079 1002 hominem
1103 974 1258 1001 deiﬁcatum
1277 977 1403 1005 tanquam
1417 971 1443 998 in
1465 969 1568 996 visione
1594 975 1626 995 ac
1645 967 1730 1002 phan-

946 1020 1012 1047 tasia
1028 1028 1035 1048 :
1049 1019 1119 1046 absit
1136 1027 1144 1046 :
1164 1019 1209 1046 sed
1229 1017 1313 1044 Deum
1340 1017 1510 1043 incarnatum
1526 1035 1533 1047 ,
1552 1019 1578 1041 et
1593 1013 1729 1043 hominem

945 1065 1058 1097 factum,
1075 1065 1121 1099 qui
1139 1068 1222 1091 totum
1237 1063 1302 1090 illud
1314 1083 1321 1095 ,
1338 1063 1408 1096 qttod
1425 1063 1604 1088 nostrum'est
1615 1079 1623 1092 ,
1640 1065 1731 1085 susCe-

945 1118 993 1146 ptt,
1009 1112 1133 1145 dogmate
1148 1114 1241 1137 nostro
1253 1114 1388 1136 tenemus.
1405 1115 1414 1132 ι
1434 1106 1552 1133 Verbum
1578 1105 1651 1132 enim
1666 1104 1730 1139 (in-

945 1159 1003 1191 quit
1032 1156 1141 1183 touitrni
1156 1154 1245 1190 tilius)
1262 1161 1326 1182 caro
1340 1154 1440 1180 factum
1456 1157 1497 1180 est
1511 1152 1531 1178 ⁵.
1554 1161 1563 1178 ι
1583 1151 1642 1178 Non
1658 1149 1730 1184 Quod

945 1211 1104 1231 conversum
1119 1210 1150 1230 ac
1159 1206 1292 1229 mutatum
1305 1201 1340 1228 sit
1350 1208 1382 1228 ex
1394 1207 1437 1232 eo,
1449 1200 1519 1234 quod
1529 1204 1585 1226 erat
1601 1197 1730 1230 Verbum,

946 1250 992 1278 Sed
1007 1250 1075 1283 quod
1097 1253 1227 1283 praeterea
1245 1247 1400 1281 acceperit,
1417 1251 1448 1273 ut
1469 1253 1533 1273 caro
1563 1245 1659 1271 ﬁeret:
1678 1251 1731 1270 non

947 1301 1047 1322 tnulata
1061 1294 1202 1321 divinitate
1215 1294 1240 1320 itt
1255 1293 1460 1322 humanitatem.
1481 1291 1527 1318 sed
1546 1298 1606 1317 cum
1625 1289 1732 1324 propria
1748 1287 1752 1291 ⁴

948 1350 1002 1368 suae
1030 1341 1179 1368 divinitatis
1208 1340 1337 1370 essentia,
1370 1339 1396 1365 in
1421 1337 1528 1372 propria
1555 1343 1670 1371 persona
1686 1335 1733 1362 Dei

947 1387 1027 1414 Verbi
1044 1391 1070 1413 et
1084 1386 1258 1413 consistentis
1271 1406 1278 1417 ,
1307 1383 1540 1419 comprehenderis
1565 1381 1646 1409 etiarn
1671 1389 1732 1408 esse

949 1433 1097 1460 hominem.

982 1477 1039 1504 Vll.
1055 1476 1195 1503 Hominem
1212 1479 1302 1502 autem
1319 1474 1380 1501 dico
1406 1473 1535 1508 perfecte.
1562 1471 1735 1505 Qumcnnque

949 1525 1018 1552 enim
1041 1523 1130 1554 homo,
1144 1527 1171 1549 et
1183 1521 1271 1556 qualia
1285 1521 1375 1551 homo,
1392 1524 1419 1546 et
1435 1519 1456 1546 si
1477 1517 1540 1553 quid
1563 1522 1605 1544 est
1630 1517 1712 1544 homo
1725 1535 1732 1545 .

949 1569 1054 1603 accepit
1073 1568 1243 1601 Unigenitus,
1263 1570 1291 1592 ut
1306 1567 1332 1592 in
1351 1564 1471 1599 perfecto
1488 1571 1538 1590 suo
1554 1563 1662 1590 homine
1675 1561 1735 1587 uni«

950 1621 1054 1641 versam
1072 1613 1195 1642 salutem,
1210 1619 1269 1638 ctttn
1281 1611 1351 1637 Deus
1363 1615 1447 1640 esset,
1462 1609 1579 1636 efﬁceret
1592 1628 1599 1639 ,
1618 1607 1735 1634 hominis

951 1658 1017 1685 nihil
1039 1658 1193 1691 relinquens
1210 1665 1217 1682 :
1233 1663 1267 1682 ne
1283 1663 1345 1688 pars
1362 1655 1454 1681 relicta
1468 1661 1560 1681 rursus
1578 1654 1653 1680 ﬁeret
1673 1659 1735 1679 esca

950 1704 1061 1733 diaboli.
1078 1703 1134 1729 Non
1149 1703 1220 1729 enirn
1242 1701 1325 1732 venit,
1340 1705 1368 1727 ut
1382 1704 1497 1727 mutaret
1510 1704 1644 1728 naturam.
1655 1705 1738 1725 carne

952 1750 1069 1781 indutus,
1083 1749 1268 1775 universorum
1287 1746 1357 1773 Dens
1384 1754 1390 1772 :
1411 1745 1458 1772 sed
1474 1749 1502 1771 ut
1518 1752 1577 1771 eam
1605 1742 1738 1770 reforma-

951 1800 1001 1827 ret,
1018 1799 1045 1821 et
1055 1794 1171 1822 alliceret
1181 1800 1274 1827 puram
1290 1801 1304 1819 a
1320 1792 1477 1823 mutatione,
1496 1795 1525 1818 ut
1539 1791 1623 1816 etiam
1633 1789 1733 1815 factum

951 1846 1002 1868 est.
1017 1841 1092 1874 Quod
1106 1840 1177 1867 enim
1194 1839 1303 1870 fuimus,
1321 1838 1423 1865 erimus
1439 1858 1446 1868 ,
1459 1841 1569 1871 propter
1580 1835 1737 1870 mysterium

951 1887 1009 1921 ejus
1024 1885 1217 1913 incarnationis
1234 1892 1303 1916 earn,
1325 1891 1385 1917 qua:
1398 1882 1431 1908 ab
1455 1882 1531 1909 initio
1548 1886 1624 1912 erat,
1641 1879 1740 1906 immu-

952 1933 1112 1960 tabilitatem
1130 1931 1277 1965 accepturi,
1290 1937 1370 1964 quam
1389 1928 1454 1954 tuibi
1475 1932 1504 1954 ct
1520 1927 1598 1953 bonis
1610 1926 1738 1953 omnibus

952 1981 1073 2015 perfecit,
1086 1985 1113 2006 et
1129 1985 1226 2012 corpus
1237 1982 1331 2003 natura
1345 1975 1474 2002 mundum
1499 1974 1614 2001 reddens
1640 1981 1655 1999 ει
1676 1979 1741 2006 pec-

952 2032 1024 2057 cato.
1037 2032 1064 2053 et
1083 2025 1277 2058 intelligentem
1305 2023 1433 2055 animam,
1451 2021 1614 2048 voluntatem
1641 2018 1740 2045 baben-

955 2078 1006 2100 lem
1027 2070 1231 2098 immutabilem.

991 2117 1057 2144 Vlll.
1074 2116 1135 2144 Uno
1150 2120 1240 2142 autem
1258 2114 1342 2142 verbo
1365 2113 1521 2140 universum
1549 2111 1612 2139 dico
1639 2115 1741 2144 mystc-

955 2164 1035 2191 rium.
1048 2161 1139 2196 Neque
1155 2161 1238 2187 Deum
1253 2160 1352 2187 nudum
1370 2166 1496 2193 corpore,
1507 2161 1535 2185 et
1551 2157 1593 2188 iis.
1611 2163 1670 2189 quae
1679 2159 1743 2182 sunt.

955 2209 1088 2242 corporis,
1103 2207 1240 2234 Christum
1255 2212 1314 2232 esse
1336 2204 1479 2230 credamus
1495 2223 1502 2235 ,
1528 2209 1614 2236 neque
1641 2201 1742 2227 nudum

954 2255 1089 2282 hominem
1108 2253 1212 2286 absque
1225 2259 1287 2278 Vera
1304 2250 1443 2278 divinitate
1458 2269 1466 2281 ,
1489 2253 1517 2276 et
1539 2248 1571 2275 iis
1593 2255 1654 2282 qua:
1680 2251 1743 2273 sunt

953 2298 1100 2326 divinitatis
1120 2297 1305 2331 :(tttrumque
1320 2295 1391 2322 enim
1412 2297 1505 2328 aperte
1525 2292 1670 2319 ostendunt
1696 2291 1744 2317 do-

953 2345 1065 2371 ctrinam
1079 2341 1196 2375 diaboli)
1210 2341 1255 2367 sed
1268 2340 1349 2367 Deum
1361 2344 1456 2370 totum,
1466 2342 1492 2364 et
1504 2345 1565 2364 eum
1577 2337 1663 2370 ipsum
1677 2335 1743 2362 abs-

957 2398 1009 2423 que
1033 2388 1208 2416 conversione
1220 2386 1300 2413 totius
1316 2384 1432 2412 bominis
1443 2383 1578 2416 accepisse
1586 2382 1743 2412 essentiam,

957 2435 1038 2463 corde
1051 2442 1117 2468 puro
1131 2433 1273 2460 credamus
1288 2430 1321 2457 ad
1338 2430 1483 2464 justitiam.
1497 2433 1523 2454 et
1536 2435 1584 2453 ore
1598 2425 1745 2460 apostolice

958 2487 983 2508 et
995 2486 1106 2515 paterne
1121 2478 1296 2504 conﬁteantur
1308 2474 1341 2501 ad
1357 2474 1483 2501 salutem.
1504 2471 1580 2498 llunc
1593 2477 1657 2505 ergo
1681 2474 1745 2496 ante

958 2514 1055 2553 srcctda
1073 2524 1168 2552 Deum.
1183 2521 1229 2555 qui
1258 2519 1450 2553 comprehendi
1480 2526 1533 2545 tton
1563 2521 1669 2551 potest,
1697 2514 1742 2550 qui

958 2571 1063 2599 refulsit
1078 2570 1103 2596 in
1121 2569 1225 2596 duabus
1243 2566 1367 2594 essentiis
1391 2570 1418 2592 et
1440 2563 1665 2599 operationibus,
1692 2569 1745 2588 una

959 2622 1058 2648 autem,
1073 2620 1101 2642 ut
1114 2614 1240 2644 diximus,
1260 2619 1392 2646 persona.
1414 2614 1442 2636 et
1470 2609 1547 2637 nobis
1569 2609 1594 2635 in
1621 2606 1747 2634 omnibus

960 2664 1008 2691 fuit
1021 2661 1186 2690 assimilatas
1203 2664 1301 2694 praeter
1320 2662 1470 2692 peccatum,
1487 2655 1591 2690 peperit
1618 2661 1677 2688 qua:
1707 2653 1744 2680 esl

960 2716 1053 2737 verum
1069 2705 1250 2743 patrocinium
1261 2702 1478 2731 Christianorum
1489 2721 1496 2733 ,
1522 2704 1550 2728 et
1567 2698 1676 2735 proprie
1701 2704 1743 2725 νει

920 2801 932 2818 δ
953 2799 1035 2828 Joau.
1052 2806 1073 2832 ι,
1091 2797 1134 2825 Η.
