1854 3029
861 49 906 56 ν.-

121 117 190 150 ῘΞΠ

650 121 671 149 Α
678 120 830 151 DDENDA
849 120 900 149 AD
917 95 1165 152 EUTllYMIUllI.

1675 120 1746 152 12i8

123 180 205 207 reque
219 177 261 199 est
281 173 391 207 Deipara
405 181 411 200 :
427 181 486 208 quae
500 173 627 201 estaltior
639 179 665 200 et
679 174 803 207 superior
814 172 908 206 quavis
921 175 945 202 Α
961 174 993 200 ad
1007 173 1110 201 latltlem
1127 180 1155 202 et
1171 176 1301 203 honorem
1322 184 1429 211 semper
1447 175 1567 211 Virginis
1580 179 1607 202 et
1625 174 1749 208 Deipaue

124 227 152 245 re
171 224 271 250 creata,
290 225 343 245 tam
361 227 421 253 qua:
435 219 484 246 sub
499 224 635 253 aspectum
650 218 731 250 cadit,
747 226 826 252 quam
846 225 906 252 quae

124 273 176 291 non
193 266 272 296 cadit,
288 273 347 300 quae
360 272 401 292 est
417 254 495 299 pura,
511 265 649 298 impolluta
662 286 668 297 ,
687 265 783 291 intacta
799 263 884 289 Patris
896 283 904 293 ,

121 312 166 343 qui
184 318 232 338 nec
244 311 327 337 videri
345 331 351 342 ,
370 319 418 338 nec
434 311 623 345 COmpreheudi
650 315 736 345 potest
751 329 759 341 ,
783 310 815 336 ab
831 309 904 336 omni

122 357 332 390 mprehensione
353 357 450 388 aliena,
471 362 497 383 et
515 357 695 391 pulcherrima
707 363 804 389 sponsa
823 363 830 381 :
846 362 905 388 qua:

119 407 161 428 est
173 402 200 428 in
212 402 336 428 ontnilns
349 403 464 436 gloriosa
481 408 506 429 et
519 403 670 434 benedicta,
692 406 718 428 et
743 402 768 427 iu
786 401 905 427 bonitate

120 451 148 472 ct
166 446 328 480 benignitate
339 452 380 474 est
398 447 625 480 incomparabilis,
651 447 841 474 convenienter
855 445 879 471 ci
896 465 904 475 .

121 491 165 524 qui
179 498 211 517 ex
224 498 255 517 ea
269 497 347 518 natus
366 497 407 518 est
424 492 492 518 Deus
508 497 534 518 et
553 492 632 518 homo
645 511 652 523 ,
671 497 697 518 ct
712 491 789 518 nobis
809 490 842 517 ad
867 490 906 516 in-

121 536 287 562 dclirientem
304 537 440 570 proposita
455 544 532 570 opem
547 542 572 563 et
590 537 716 563 salutem.

158 580 202 608 lX.
218 581 249 608 Et
260 582 322 615 quis
337 590 390 609 non
409 582 487 609 hodie
501 582 511 615 (
523 587 552 609 ut
565 582 689 615 superius
707 581 841 616 diximus)
862 589 892 608 ac

122 625 205 652 currit
221 627 254 652 ad
267 627 448 654 venerabilem
464 635 619 661 zonzc,qua‘,
632 635 739 662 semper
769 628 856 658 lucet,
880 632 906 653 et

122 671 193 698 onmi
206 679 237 698 ex
251 676 328 706 parte
343 673 504 707 resplendet,
522 674 734 705 venerationem,
751 678 777 700 et
790 674 822 699 ad
837 673 906 700 hanc

122 717 201 750 longe
215 718 393 745 clarissimam
406 725 432 745 et
448 718 656 745 illustrissimam
669 718 726 752 ejus
741 718 905 745 ornatissimi

120 769 148 791 et
161 771 176 790 a
193 764 245 790 Deo
263 764 363 791 conditi
380 764 471 798 templi
490 764 703 791 dedicationem?
727 764 811 791 llodie
832 765 903 791 enim

120 810 316 837 admirabiliter
325 811 403 837 ambo
419 810 498 837 simul
510 811 717 844 suntproposita
735 812 766 837 ad
786 810 904 837 betiliam

122 855 254 887 ﬁdelibus,
268 856 313 890 qui
327 860 398 882 ret-te
413 856 544 889 sentiunt,
559 862 586 882 et
603 856 646 890 qui
670 863 734 883 vere
753 864 812 882 eam
839 864 905 883 con-

121 900 243 932 ﬁtentur,
258 905 285 928 et
298 901 409 928 adorant
425 909 515 928 veram
532 901 685 935 Deiparam,
698 906 726 927 ut
744 908 803 935 quze
828 909 905 935 pope-

121 948 157 974 rit
170 955 251 980 super
264 947 405 974 essentiale
419 946 536 974 Verbum
560 947 606 974 Dei
627 947 714 973 Patris
726 966 732 978 ,
749 947 794 980 qui
814 948 906 981 nequit

119 991 325 1026 comprehendi.
341 991 373 1019 Et
391 992 436 1026 qui
458 1000 511 1019 non
526 996 568 1019 est
580 993 615 1018 ita
627 991 751 1023 allectus,
763 995 854 1018 et-non
870 993 905 1018 ita

119 1040 255 1073 opinatur,
268 1045 295 1066 ut
308 1040 386 1074 paulo
398 1045 460 1066 ante
472 1039 642 1072 scripsimus,
656 1046 736 1065 voces
752 1042 906 1065 mutuantes

120 1093 151 1112 ex
169 1086 287 1120 paternis
303 1085 456 1120 praceplis,
470 1085 505 1111 sit
521 1085 677 1111 anathema.

154 1131 190 1158 Χ.
211 1131 295 1158 llodie
325 1131 448 1158 Iactantur
479 1131 587 1165 angeli,
618 1130 735 1164 gaudent
758 1129 906 1162 Cherubin,

120 1176 216 1210 gaudio
232 1175 382 1203 alliciuntur
397 1175 540 1207 Seraphin,
551 1174 687 1201 'l'hroniet
704 1174 907 1201 Dominaliones

121 1226 210 1248 mente
231 1221 371 1248 nobiscum
396 1220 543 1247 exsultant.
564 1219 724 1251 Transilias,
751 1227 766 1246 o
785 1225 823 1251 tu,
840 1226 906 1253 pura

113 1271 209 1293 .meute
223 1266 322 1293 aethera
337 1271 363 1292 et
374 1266 483 1298 uelum,
493 1266 562 1299 quod
578 1265 650 1292 illum
667 1265 907 1299 superat,puriset

119 1313 202 1340 castis
217 1312 311 1342 oculis,
326 1316 352 1338 et
367 1311 470 1338 videbis
496 1311 548 1337 vim
565 1318 678 1343 eorum,
692 1319 752 1345 qua:
769 1311 904 1337 dicuntur.

119 1356 174 1384 Nec
190 1357 307 1383 mireris.
327 1356 391 1382 Natu
417 1356 437 1382 si
457 1355 546 1382 stttdio
569 1360 595 1381 et
611 1354 749 1389 diligentia
778 1355 857 1382 homo
876 1355 905 1381 [lt

120 1402 203 1434 Dens,
223 1402 327 1435 (inquit
341 1401 433 1427 enim:
452 1410 461 1426 ι
491 1399 545 1433 Ego
561 1400 628 1430 dixi,
647 1399 686 1426 Dii
713 1400 788 1431 estis,
815 1405 841 1425 et
858 1399 903 1426 lilii

120 1447 218 1474 excelsi
231 1447 342 1474 omnes“
356 1448 379 1480 ι)
396 1446 459 1480 quid
475 1451 515 1473 est
530 1445 698 1476 incredibile,
712 1451 755 1472 aut
766 1453 902 1479 magnum,

119 1493 190 1526 quod
204 1492 263 1525 quis
278 1496 400 1519 versatus
411 1500 471 1518 cum
484 1491 596 1526 angelis,
608 1499 666 1525 qua:
681 1491 736 1517 illic
749 1495 812 1517 sunt
823 1491 904 1524 bona,
921 1503 942 1532 ρ

119 1538 207 1564 videat
223 1538 408 1572 intelligentia,
425 1542 451 1564 et
467 1538 492 1564 iu
516 1538 548 1564 iis
564 1545 594 1564 se
610 1537 721 1564 omnino
737 1538 863 1563 extendat
879 1542 906 1563 et

119 1585 256 1612 oblectet?
271 1584 384 1611 Abunde
401 1585 472 1610 enim
488 1584 576 1611 divina
602 1584 688 1618 gratia
715 1583 905 1617 benignitatem

119 1639 196 1658 suam
213 1631 312 1664 iugiter
325 1630 435 1657 ell'undit
452 1631 495 1660 iis,
519 1631 563 1663 qui
582 1637 648 1664 pure
672 1630 765 1655 virunl
779 1635 807 1656 et
822 1636 906 1656 evan-

120 1677 216 1711 gelica.
235 1676 288 1711 Ego
305 1677 375 1703 enim
393 1676 497 1711 (inquit
521 1683 595 1702 meus
610 1674 705 1706 Iesus)
724 1680 752 1701 ct
766 1675 847 1701 Pater
861 1683 907 1702 ve-

119 1723 234 1754 niemus,
257 1728 284 1749 et
311 1723 477 1749 mansionem
501 1723 570 1756 apud
585 1729 645 1748 cum
675 1721 815 1748 faciemus.
841 1721 906 1748 Vide

119 1775 196 1803 ergo,
212 1769 272 1795 vide
299 1768 524 1802 quemadmodum
543 1767 704 1794 inhabitatio
721 1766 862 1793 Trinitatis
879 1767 905 1792 in

121 1813 275 1840 hominibus
304 1813 390 1848 major
419 1812 474 1845 ﬁat,
506 1820 586 1847 quam
616 1811 790 1846 contemplari
817 1810 906 1845 possi-

120 1866 187 1885 lllllS.

154 1903 200 1930 XI.
217 1903 301 1930 Hodie
315 1910 379 1937 ergo
393 1910 407 1929 a
422 1902 498 1929 nobis
526 1909 632 1936 quoque
655 1902 802 1928 honoretur
826 1909 904 1933 zona,

119 1957 179 1985 qtae
193 1955 232 1976 est
246 1950 356 1975 omnino
371 1956 384 1974 a
401 1947 455 1974 Deo
477 1947 593 1974 maxime
609 1947 788 1980 illustrata,et
801 1955 906 1974 summe

120 1994 334 2027 admirabilis,et
360 1993 437 2019 valde
458 1993 620 2020 veneranda.
647 1992 730 2019 llodie
758 1993 905 2019 honoretur

120 2048 200 2072 zona,
217 2047 269 2073 qtta
300 2038 434 2066 snt-cincta
454 2037 504 2064 fuit
528 2038 713 2070 laudatissima
739 2037 862 2072 Dcipara,
879 2043 905 2065 et

120 2085 395 2113 fraudulentissimum
423 2084 566 2110 draconem
592 2091 701 2117 peream
716 2083 906 2117 sull‘ocavil,et

120 2131 203 2158 nostri
218 2131 322 2165 generis
335 2134 458 2156 attctores
471 2137 484 2154 a
499 2129 570 2163 gravi
583 2129 718 2155 revocarit
733 2129 837 2157 exsilio.
852 2130 905 2158 H0-

959 220 1061 248 Marize.
1091 221 1209 248 Lat-tatur
1227 223 1310 255 enim,
1328 231 1389 249 cum
1409 230 1457 250 nos
1485 222 1512 248 in
1534 221 1577 247 his
1590 220 1689 254 aspicit
1703 227 1746 246 ca-

959 266 1077 292 stissima
1096 267 1218 293 Domina.
1246 266 1282 293 Se
1307 267 1380 294 enim
1405 274 1437 294 ea
1468 273 1562 293 revera
1592 264 1689 295 cinxit,
1715 268 1746 290 ut

959 313 1119 339 credimus:
1143 318 1170 339 et
1187 321 1247 340 aras
1262 313 1389 340 contrivit
1416 313 1558 343 idolorum.
1580 316 1607 338 et
1631 311 1744 337 delubra

959 358 1082 392 gentium
1117 359 1233 392 perdidit
1258 365 1284 386 ct
1307 358 1479 390 comminuit,
1497 363 1523 384 ct
1541 363 1653 384 cessare
1682 355 1745 382 fecit

959 404 1131 431 immoderati
1149 404 1292 439 sanguinis
1310 403 1482 431 cﬂusionem.
1497 402 1581 429 llodie
1599 409 1668 428 zona
1686 409 1745 427 ma—

959 449 1113 484 gniﬁcctur,
1139 457 1281 484 perquam
1302 457 1349 475 aer
1377 449 1427 475 fuit
1451 448 1641 476 sanctiﬁcatus
1658 455 1666 472 :
1684 446 1745 473 coeli

959 503 1064 522 suntme
1081 495 1214 528 refulgent
1232 503 1240 522 :
1254 495 1294 522 sol
1312 500 1339 522 et
1352 495 1415 521 luna
1433 501 1513 528 supra
1528 499 1654 519 naturam
1667 499 1743 519 suam

959 549 1031 567 nunc
1055 541 1193 575 splendide
1220 541 1309 567 radios
1341 545 1369 566 et
1398 539 1512 574 mystice
1538 538 1672 564 emittunt
1692 545 1700 562 :
1718 541 1745 563 et

960 587 1104 612 universus
1127 586 1255 617 mundus,
1273 586 1318 620 qui
1334 591 1450 620 quatuor
1465 585 1623 611 continetur
1636 582 1744 612 ﬁnibus,

961 639 1108 659 renovatur
1119 637 1145 659 et
1163 632 1325 659 illustratur.
1353 631 1385 658 Et
1413 631 1496 665 gloria
1521 630 1557 656 sit
1575 630 1611 659 ei,
1633 629 1679 663 qui
1698 636 1745 655 nos

960 678 1053 712 implet
1081 679 1106 704 in
1140 678 1218 706 bonis
1231 678 1370 711 omnibus,
1386 677 1418 704 ad
1444 676 1558 711 gloriam
1582 683 1639 702 sua:
1667 675 1730 702 b0ui

961 723 1033 750 latis.

994 768 1066 796 ΜΗ.
1085 769 1169 796 Hodie
1181 769 1347 804 gloriﬁretur
1375 777 1452 798 zona.
1472 777 1520 803 per
1535 776 1616 803 quam
1637 772 1743 794 montes

960 815 1100 847 exsiliunt,
1128 821 1156 842 et
1185 815 1359 849 tranquillum
1379 822 1452 841 mare
1470 815 1594 841 subridet
1625 813 1743 846 placide,

958 867 1107 894 omnesque
1126 860 1369 891 summeditantur,
1388 864 1414 886 et
1427 859 1517 886 ltctitia
1529 859 1696 889 afﬁciuntur,
1712 858 1744 883 ad

959 907 1070 940 gloriam
1084 907 1153 939 ejus,
1171 913 1231 940 quae
1248 911 1290 932 est
1305 912 1415 940 semper
1434 905 1522 938 virgo,
1540 909 1567 931 et
1582 904 1630 930 Dei
1647 906 1743 928 mater.

959 951 1044 978 llodie
1059 959 1126 978 zona
1149 951 1326 985 gloriﬁcetur,
1344 958 1390 985 per
1404 958 1484 984 quam
1501 950 1607 985 pulchri
1628 949 1745 976 evadunt

958 996 1043 1026 fluvii,
1062 1001 1090 1022 et
1105 995 1155 1022 soli
1181 995 1329 1028 subiectam
1347 1001 1447 1022 terram
1471 998 1571 1029 rigant,
1585 1000 1612 1021 et
1629 994 1744 1020 fertilem

958 1043 1077 1069 elliciunt
1095 1050 1102 1068 :
1123 1047 1151 1068 et
1182 1042 1267 1076 gloria
1285 1042 1321 1068 sit
1334 1042 1370 1073 ei,
1387 1041 1433 1074 qui
1449 1048 1496 1068 eos
1510 1041 1580 1074 regit
1597 1045 1626 1066 et
1652 1047 1701 1066 nos
1719 1039 1743 1065 in

958 1087 1083 1113 omnibus
1096 1087 1223 1119 laetiﬁcat,
1237 1091 1265 1113 et
1277 1087 1385 1119 copiose
1399 1086 1456 1112 alit.
1468 1082 1551 1112 llodie
1565 1089 1744 1119 proponatur,

959 1133 1106 1159 honoretur
1132 1136 1160 1158 et
1186 1132 1314 1158 adoretur
1335 1139 1416 1162 zona,
1439 1139 1496 1164 qua:
1524 1131 1615 1157 divina
1646 1130 1745 1156 virtute

958 1178 1042 1205 cmlos
1056 1181 1177 1211 superat,
1194 1180 1218 1203 et
1239 1176 1395 1210 resplendet
1414 1176 1555 1209 plusquam
1585 1175 1654 1201 radii
1672 1175 1745 1201 sola-

959 1231 1013 1255 rcs,
1029 1227 1176 1256 manetque
1193 1222 1299 1256 integra
1311 1226 1337 1248 ct
1349 1222 1450 1247 intacta
1467 1221 1647 1255 plurimorum
1663 1227 1743 1246 anno-

960 1275 1016 1293 rum
1029 1266 1184 1299 curriculis,
1211 1267 1448 1301 noningentorum,
1469 1268 1590 1300 inquam,
1612 1270 1660 1291 aut
1685 1271 1743 1290 am-

958 1311 1036 1346 plius.

994 1355 1063 1383 XIV.
1082 1355 1104 1382 Ο
1135 1354 1181 1381 Dei
1221 1355 1360 1389 mysteria,
1393 1362 1451 1387 quae
1479 1354 1673 1388 comprehendi
1699 1362 1743 1380 ne.

957 1408 1059 1436 queunt
1074 1412 1080 1429 :
1095 1411 1110 1429 ο
1125 1402 1193 1428 dona
1209 1401 1278 1435 ejus,
1294 1408 1353 1435 qua:
1369 1409 1420 1427 non
1436 1404 1546 1435 possunt
1558 1400 1716 1435 investigari
1730 1400 1737 1424 ι

957 1447 1038 1482 Papa!
1055 1453 1139 1479 tuam,
1159 1454 1174 1472 ο
1195 1447 1365 1478 intemerata,
1389 1446 1557 1478 potentiam!
1576 1445 1653 1479 Papa:
1671 1450 1742 1471 tuam

959 1493 991 1518 ad
1005 1491 1101 1519 Filiqu
1119 1495 1195 1518 tuum
1213 1492 1320 1530 absque
1331 1491 1384 1517 ulla
1400 1491 1582 1518 intercessore
1598 1490 1740 1516 liduciam!

961 1536 994 1564 Et
1010 1537 1082 1571 quis,
1112 1544 1128 1562 ο
1153 1536 1278 1569 Domina,
1301 1535 1418 1570 potuerit
1445 1536 1511 1562 satis
1536 1535 1578 1562 vel
1604 1535 1696 1568 aliqua
1710 1541 1742 1561 ex

958 1589 1035 1619 parte
1056 1584 1166 1610 laudare
1194 1583 1263 1610 hanc
1286 1582 1462 1617 praeclaram,
1485 1586 1512 1609 et
1542 1589 1608 1608 vere
1635 1588 1743 1615 semper

960 1630 1099 1657 colendam
1113 1629 1297 1656 celebritatem
1313 1629 1324 1655 ?
1339 1627 1370 1654 Et
1384 1628 1501 1662 prtebete
1513 1628 1623 1662 quidem
1639 1634 1718 1654 aures
1733 1635 1740 1653 :

958 1683 1017 1703 sum
1030 1675 1101 1702 enim
1123 1674 1291 1701 admirabilia
1306 1674 1442 1700 dictttrus.
1468 1673 1547 1703 Nam,
1566 1678 1595 1699 ut
1609 1673 1740 1706 scriptum

960 1721 1122 1752 invenimus,
1150 1720 1176 1747 in
1200 1720 1361 1746 admiranda
1378 1724 1405 1746 et
1418 1727 1526 1753 semper
1554 1718 1741 1752 respleudeme

958 1774 1032 1797 arca,
1051 1767 1077 1792 in
1095 1774 1146 1800 qtta
1164 1771 1204 1792 est
1226 1766 1344 1799 pretiosa
1372 1765 1428 1792 lucc
1456 1771 1523 1790 zona
1554 1763 1705 1794 recondita,
1726 1771 1739 1788 a

959 1817 1080 1846 tempore
1094 1811 1235 1844 Archadii,
1256 1811 1301 1845 qui
1318 1811 1381 1837 olim
1401 1810 1543 1844 imperarit
1560 1809 1588 1835 in
1603 1809 1654 1835 l‘tde
1668 1814 1741 1834 recte

958 1857 1201 1891 seutiens,quique
1221 1857 1270 1883 luit
1288 1856 1358 1883 [ilius
1376 1855 1465 1890 magni
1480 1854 1561 1884 illius,
1578 1859 1604 1880 et
1620 1853 1665 1886 qui
1686 1853 1739 1879 vir-

959 1904 1061 1930 tutibus
1090 1902 1207 1933 refulsit,
1224 1902 1382 1934 Theodosii,
1401 1902 1445 1928 hic
1461 1900 1510 1926 fuit
1526 1900 1645 1934 repOsita
1661 1899 1739 1925 trice-

957 1949 1026 1976 simo
1041 1948 1129 1982 primo
1152 1947 1239 1974 ultimi
1255 1946 1335 1979 huius
1364 1946 1476 1976 mensis,
1501 1945 1633 1979 salvaque
1659 1945 1738 1971 illasa

959 1993 1108 2028 impolluta,
1126 1997 1156 2019 ut
1177 1992 1290 2025 videtis,
1307 1992 1455 2026 permansit
1472 1998 1558 2025 usque
1575 1991 1603 2017 in
1633 1989 1740 2016 hodier-

959 2048 1021 2066 num
1036 2039 1118 2070 diem,
1139 2038 1211 2064 nullo
1231 2037 1311 2063 modo
1341 2037 1452 2068 fcedata,
1472 2041 1518 2063 aut
1538 2034 1680 2065 oﬂ'uscata,
1695 2039 1739 2060 aut

957 2085 1015 2119 ejus
1039 2085 1129 2111 colore
1156 2084 1211 2110 ullo
1246 2083 1324 2110 niodo
1353 2087 1467 2114 mutato,
1482 2082 1528 2108 sed
1559 2079 1739 2114 respfendens

959 2139 1040 2166 supra
1066 2130 1166 2162 nivem,
1192 2134 1220 2156 et
1234 2133 1362 2163 tanquam
1379 2128 1458 2155 modo
1474 2135 1506 2154 ex
1535 2128 1648 2154 coccino
1667 2126 1738 2151 labo-

120 2176 165 2203 die
182 2176 327 2202 houoretur
341 2182 408 2201 zona
424 2182 504 2207 quatit
517 2174 606 2208 Ipsum
619 2181 724 2208 quoque
737 2174 901 2208 unigenitum
920 2175 941 2202 D
958 2182 1027 2207 rata,
1045 2176 1085 2202 sic
1103 2180 1146 2201 est
1163 2175 1312 2209 proposita,
1328 2174 1429 2200 virtute
1454 2173 1540 2199 sancti
1554 2176 1583 2198 et
1600 2170 1700 2197 viviﬁci
1713 2173 1738 2196 et

121 2219 167 2246 Dei
194 2219 312 2246 Verbum
340 2218 512 2245 inerrabiliter
533 2225 566 2244 ex
597 2217 653 2251 ipsa
680 2225 763 2244 carne
784 2223 898 2250 tectum,

120 2266 254 2299 quomodo
271 2265 329 2299 ipse
343 2263 416 2290 solus
431 2263 518 2294 novit,
534 2263 630 2294 tenuit,
641 2267 667 2289 et
681 2267 722 2289 est
732 2265 899 2298 complexus,

121 2311 209 2337 adhue
236 2310 413 2345 corporaliter
438 2303 549 2344 propte'r
565 2315 672 2336 ablatem
684 2317 713 2336 se
729 2318 826 2344 gerens
838 2319 902 2344 pue-

122 2357 220 2388 riliter,
244 2360 270 2383 et
285 2360 313 2382 ιιι
341 2363 405 2389 puer
423 2355 491 2381 solet
517 2354 619 2386 facere,
649 2355 811 2387 balbutiens,
830 2361 856 2383 ct
874 2357 900 2383 in

121 2407 243 2429 naterno
259 2401 361 2436 gremio
376 2400 552 2435 requiescens
568 2404 594 2426 et
610 2400 750 2427 exsiliens.

155 2446 215 2474 ΧΗ.
238 2446 325 2473 Hodie
344 2446 393 2481 ipsi
410 2453 526 2480 quoqtte,
543 2446 664 2480 inquam,
682 2446 762 2480 primi
778 2447 824 2474 Dei
849 2448 900 2474 tui-

121 2492 213 2522 nistri,
230 2492 292 2518 licet
304 2499 357 2518 non
369 2491 521 2523 videantur,
534 2498 593 2517 cam
610 2491 735 2523 adorant,
748 2497 775 2519 et
786 2495 900 2520 maxima

123 2538 217 2564 colunt
237 2538 413 2565 veneratione
431 2541 458 2563 et
472 2544 569 2563 arcane
583 2544 636 2563 una
652 2537 791 2566 nobiscttm
809 2539 903 2567 linian-

122 2586 176 2609 tur.
193 2582 278 2609 llodie
292 2590 306 2608 a
324 2582 401 2609 nobis
420 2581 502 2608 etiam
518 2582 633 2608 terrenis
645 2582 783 2616 adoretur,
801 2589 828 2610 et
844 2593 901 2612 rna-

122 2629 265 2662 gnilicetur
285 2628 343 2655 htec
371 2635 438 2654 zona
472 2627 505 2654 ad
520 2627 632 2661 gleriam
660 2628 728 2662 ejus,
755 2630 800 2663 qui
821 2637 900 2664 supra

121 2674 253 2699 rationem
272 2673 322 2699 fuit
343 2680 425 2699 carne
452 2673 581 2699 indutus:
599 2677 625 2699 et
638 2674 664 2707 (ο
681 2675 821 2709 mysteria,
842 2684 902 2710 quae

120 2719 310 2752 comprehendi
341 2720 488 2754 nequeunt)
512 2719 592 2746 hodie
609 2720 800 2754 magniticetur
832 2730 900 2750 zona

175 2809 268 2854 ‘Il’sul.
283 2818 375 2843 LXXX},
391 2811 417 2838 6.
475 2811 485 2826 ⁸
503 2811 574 2838 Psal.
593 2819 663 2844 mv,
682 2813 722 2839 ll.

946 2222 1084 2253 ,adorandi
1101 2220 1228 2255 Spiritus.

988 2265 1047 2293 XV.
1063 2266 1092 2292 Ei
1108 2271 1197 2292 autem
1211 2270 1335 2300 prompto
1352 2270 1380 2293 et
1396 2265 1478 2292 alacri
1495 2264 1587 2291 animo
1597 2261 1737 2288 ﬂectamus

953 2319 1050 2346 genua,
1076 2311 1210 2345 lacrymas
1238 2311 1381 2337 fundamus
1392 2318 1446 2345 pne
1469 2310 1573 2340 lzetitia,
1589 2313 1655 2334 ante
1671 2314 1729 2333 eam

955 2363 1068 2390 stemus,
1083 2363 1111 2384 et
1138 2357 1254 2384 tideliter
1284 2364 1380 2383 omnes
1410 2355 1617 2383 sanetilicemur
1640 2353 1736 2383 oculis,
1779 2366 1782 2367 ν

955 2404 1049 2436 labris,
1080 2403 1229 2436 frontibus,
1254 2403 1390 2436 manibus,
1407 2411 1467 2430 eain
1495 2409 1556 2428 cum
1585 2406 1661 2428 metu
1682 2405 1739 2427 tam

954 2455 1058 2484 gentes,
1086 2453 1113 2475 et
1134 2449 1159 2475 in
1181 2449 1264 2474 altum
1293 2449 1464 2480 extollentes,
1492 2452 1520 2474 et
1534 2447 1572 2473 sic
1591 2446 1734 2473 dicentes:

961 2504 969 2520 ι
989 2495 1069 2528 Audi,
1096 2494 1159 2526 ﬁlia,
1173 2499 1200 2521 et
1216 2494 1285 2526 vide,
1307 2498 1334 2521 et
1363 2493 1463 2520 inclina
1488 2500 1580 2519 aurem
1598 2491 1705 2518 tuam“.
1722 2500 1731 2516 ι

957 2539 1038 2567 Vides
1066 2539 1150 2569 enim,
1180 2538 1254 2566 vides
1281 2545 1344 2565 ante
1371 2538 1454 2573 pedes
1478 2537 1670 2571 pulcherrima:
1686 2541 1735 2562 tua:

954 2593 1040 2619 capsae
1056 2592 1105 2612 nos
1118 2592 1212 2611 omnes
1228 2585 1355 2612 ardenter
1368 2584 1494 2617 volutari,
1511 2587 1539 2610 et
1553 2588 1627 2610 tuum
1646 2587 1737 2617 postu-

955 2631 1011 2658 lare
1037 2631 1177 2662 auxilium,
1213 2635 1404 2663 exspectantes
1433 2635 1506 2656 tuam
1536 2627 1733 2658 defensionem,

956 2684 1029 2705 tamn
1048 2678 1074 2704 in
1096 2678 1221 2705 omnibus
1242 2678 1402 2705 invocantes
1425 2676 1617 2712 patrocinium.
1643 2675 1735 2709 Itaque

955 2728 993 2757 ut,
1013 2724 1075 2751 dum
1098 2723 1142 2752 hic
1156 2725 1265 2760 quidem
1279 2731 1431 2757 manemus,
1450 2730 1499 2751 nos
1516 2727 1655 2758 protegas,
1673 2727 1735 2756 sup-
