1854 3029
125 117 196 149 1ῗ4

643 116 772 146 SEllMO
791 116 838 145 DE
850 104 946 145 ZONA
968 115 1021 146 SS.
1045 115 1232 145 DEIPAR/E.

1694 108 1763 142 1250

122 173 277 207 Nic-"mus
296 181 302 199 ε
320 179 418 199 τυτειιε
439 175 541 204 illum“.
561 177 600 203 ω,
615 180 676 198 cum
707 174 882 204 excedemus,
903 172 929 198 in
946 175 966 201 Α
982 181 1044 208 gito,
1072 175 1122 201 etit
1153 179 1280 208 umquam
1308 179 1338 200 os
1364 179 1451 199 meum
1461 171 1482 198 '.
1513 170 1598 198 Hodie
1621 168 1762 196 dedicatur

122 219 248 245 aedibus
260 225 369 252 semper
385 218 540 245 viventibus
554 224 581 244 et
598 219 742 245 luminosis
763 219 929 250 ltabitetttns,

123 265 332 292 obsecramus.
348 263 450 291 Contra
460 269 549 291 autem
568 264 646 291 nobis
662 271 753 297 parcat
769 270 834 291 tuus
847 264 931 290 Filius

126 313 166 336 et.
186 310 269 343 Deus,
286 309 452 344 perennibus
475 310 528 336 luis
552 309 736 337 orationibus.
765 309 838 337 Nihil
860 309 931 335 enim

129 361 200 386 est,
219 355 289 390 quod
304 355 351 382 tibi
364 355 612 389 sitimpedimento,
625 363 641 382 ο
653 355 793 390 impolluta
809 355 932 383 Domina.

131 400 219 427 Ecee
235 399 308 427 enim
335 405 396 435 post
411 404 487 427 tuum
511 401 607 427 festum
621 402 747 434 pretiosae
763 406 814 427 tua:
825 406 851 426 ct
868 401 934 426 ado-

134 445 241 472 randae
256 454 340 477 zonze,
359 445 438 479 hujus
452 453 559 480 qttoque
574 446 610 472 tui
628 446 719 480 templi
734 445 933 472 dedicationem

136 492 324 518 concorditer
338 492 504 526 peragimus,
528 497 556 518 ut
567 492 611 526 qui
624 491 711 519 simus
727 492 797 519 servi
812 496 840 518 et.
857 491 933 518 debi-

140 542 239 570 tores,
256 545 273 564 ο
292 538 404 571 optima.
423 536 536 571 Respice
562 545 656 564 servos
675 542 748 568 tuos,
773 537 888 571 respice.
905 536 934 563 In

140 589 176 610 te
201 584 274 610 enim
288 591 383 610 omnes
401 591 475 617 spem
503 589 623 610 nostram
644 584 849 615 rollocavimus,
867 588 893 610 et
909 583 934 610 in

142 633 176 655 te:
195 628 319 659 vivimus,
335 633 362 654 et
380 627 539 662 gloriantur,
561 633 587 655 et
602 635 708 655 sumus.
725 627 834 655 Scimus
852 628 936 658 enim,

141 674 255 700 scimus
282 672 351 705 fore,
364 677 392 699 ut
411 681 462 699 non
485 673 535 700 hac
554 679 646 700 nostra
667 673 827 709 frustrentur
843 680 938 707 exspe-

142 720 283 752 ctatione,
316 724 362 745 aut
383 718 519 749 fallamur,
534 723 560 745 et
586 719 753 746 excidamns.
783 718 840 745 'l‘ua
866 719 937 745 euitn

144 773 247 792 sumus
265 765 422 797 hwreditas,
438 772 454 790 o
475 764 628 798 impolluta,
652 770 680 791 et
698 766 729 791 ad
743 769 768 792 te
788 772 867 792 mane
880 773 940 792 sur-

145 818 217 846 gere
231 815 256 837 et
272 809 430 845 confugere,
447 818 584 844 nunquam
606 818 655 837 nos
673 811 797 845 pigucrit.

190 855 260 882 XVI.
274 855 395 890 Agedum
409 862 484 886 vero,
503 855 598 889 populc
620 855 715 886 elccte,
735 860 762 882 et
782 856 837 882 Deo
852 861 938 890 grate,
958 846 977 871 1³

147 907 300 936 postquam
341 901 374 927 de
401 900 554 927 veneranda
591 904 618 926 et
644 900 843 934 pretiosissima
873 908 940 926 zona

150 954 244 982 pauca
259 946 387 978 diximus,
415 953 464 980 pro
479 951 572 972 nostra
593 953 703 980 quoque
718 945 824 972 dicendi
854 945 941 972 facul-

153 997 225 1023 tate,
240 990 369 1018 nonnulla
384 990 506 1017 dicamus
521 990 555 1016 dc
576 990 758 1022 dedicatione,
781 990 849 1017 sicut
866 991 942 1017 vobis

152 1042 221 1064 ante
237 1044 331 1064 smnus
346 1035 471 1071 polliciti.
482 1035 627 1062 Dedicatur
643 1043 707 1069 ergo
722 1035 800 1061 hodie
814 1036 941 1069 templum

155 1083 205 1110 Dei
218 1082 321 1114 Matris,
341 1082 412 1116 quod
430 1087 470 1108 cst
483 1080 696 1116 pulcherrimum
712 1085 740 1107 et
758 1080 943 1107 luminosissi-

155 1137 244 1159 ntutn,
256 1132 284 1156 et
298 1127 367 1155 ctelo
383 1131 474 1162 potest
496 1127 670 1161 mquiparari.
699 1125 785 1153 Hodie
801 1126 944 1153 dedicatur

151 1175 288 1209 templum
307 1175 426 1201 maxime
439 1173 590 1200 benedictae
610 1172 658 1199 Dei
688 1172 760 1204 ﬁliae,
778 1171 804 1198 in
824 1178 879 1206 qtto
894 1178 943 1197 an-

158 1222 282 1255 gelorum
307 1221 444 1249 exercitus
470 1221 580 1248 assidue
611 1220 781 1252 ministrant,
810 1223 838 1246 et
871 1218 944 1245 circa

162 1274 271 1300 semper
285 1266 470 1301 splendentem
497 1273 606 1299 capsam
617 1273 679 1292 cunt
694 1265 790 1291 tintorc
804 1264 945 1296 assistunt,

160 1313 233 1347 quod
248 1317 274 1340 et
291 1312 380 1339 fascia:
391 1312 492 1339 Christi
510 1312 535 1338 in
553 1319 583 1338 ea
600 1315 663 1337 sunt
679 1310 835 1341 reconditm,
850 1314 877 1336 et
890 1310 947 1336 lucc

161 1366 177 1383 τι
193 1357 248 1384 Deo
264 1361 387 1384 contexta
398 1364 466 1383 zona
484 1357 552 1391 ejus,
568 1364 629 1391 qua:
640 1356 744 1390 peperit
758 1355 943 1382 itteﬁabiliter.

160 1398 254 1430 Gloria
269 1402 304 1429 sit
317 1402 354 1434 ei,
370 1402 415 1436 qui
435 1410 482 1429 nos
499 1402 525 1428 in
541 1402 584 1428 his
606 1401 709 1428 aﬁ'atim
726 1401 803 1432 ditat,
826 1404 854 1426 et
868 1399 948 1426 refri-

162 1454 251 1484 gerat,
267 1453 294 1476 et
322 1456 335 1475 a
357 1448 448 1474 inultis
468 1447 546 1474 tnalis
561 1447 669 1478 liberat,
686 1453 783 1480 nempe
805 1450 833 1473 et
857 1453 889 1472 ex
907 1445 949 1471 itt-

163 1495 292 1522 cursionc
318 1493 500 1520 Barbarorum
515 1498 541 1520 et
557 1493 685 1528 gravibus
712 1491 771 1518 aliis
787 1491 947 1526 quibusdam

163 1541 282 1568 casibus.

203 1586 284 1614 XVII.
300 1586 383 1613 llodie
409 1585 581 1613 celebrantur
607 1584 727 1610 encmnia
762 1587 861 1609 nostra:
879 1581 951 1608 inte-

167 1638 288 1660 merata‘.
312 1633 345 1658 Et
360 1632 419 1665 quis
445 1638 479 1658 ex
513 1630 577 1656 viris
603 1629 757 1663 terrigenis,
782 1632 809 1654 et
834 1634 875 1658 ea,
894 1633 952 1660 qua:

165 1684 230 1706 sunt
247 1679 304 1710 Dei,
321 1677 479 1708 scientibus,
494 1684 545 1702 tton
557 1675 700 1706 exsilierit,
716 1678 742 1700 et
758 1681 808 1700 non
824 1672 953 1706 prmclare

166 1732 248 1759 supra
268 1724 355 1750 nivem
374 1722 515 1749 dealbatus
533 1721 626 1752 fuerit,
643 1724 670 1747 et
685 1719 776 1746 animo
790 1722 817 1746 et
834 1717 953 1744 moribus

167 1770 309 1798 mutatus?
325 1770 363 1796 Ita
380 1769 452 1795 enim
470 1769 494 1794 in
514 1768 567 1801 [his
582 1767 684 1794 erimus
702 1766 760 1794 sine
782 1765 911 1800 periculo,
931 1763 953 1790 si

172 1817 291 1844 maxime
312 1823 372 1842 cum
390 1819 463 1842 metu
481 1817 508 1840 et
523 1817 640 1840 tretnorc
655 1815 681 1838 et
705 1810 818 1844 spiritali
836 1808 953 1835 exsulta-

173 1862 245 1888 tione
277 1861 302 1887 in
328 1860 354 1886 id
370 1858 565 1893 ingrediantur.
584 1854 805 1887 IIodietcrnplum
817 1851 957 1879 dedicatur

171 1908 253 1942 hujus
269 1907 391 1942 gloriosa
418 1904 463 1931 Dei
491 1902 587 1930 Matris
602 1902 628 1929 in
647 1901 717 1935 quod
738 1899 772 1926 ab
797 1899 909 1926 oriente
931 1902 957 1923 et

171 1953 327 1984 Otcidente,
345 1959 359 1977 a
379 1949 570 1984 Septentrione
583 1946 700 1977 etmari,
718 1951 812 1971 omnes
830 1943 957 1971 ardenter

172 2005 200 2027 ει
213 1999 326 2026 ﬁdeliter
340 1997 478 2024 conﬂuunt
490 1999 518 2022 et
535 1993 672 2028 spiritales
682 1991 772 2019 cultus
786 1995 845 2017 cuin
862 1989 958 2016 timore

174 2049 317 2082 peragunt,
330 2048 356 2070 ct
374 2044 457 2069 Deum
471 2049 504 2068 ex
518 2041 599 2067 corde
617 2047 670 2066 non
687 2041 795 2065 cessant
807 2036 958 2072 gloriﬁcare

174 2101 190 2119 a
209 2091 296 2118 media
323 2093 410 2119 nocte,
430 2092 513 2121 atque
537 2086 606 2112 adeo
633 2088 762 2119 perpetuo
788 2086 912 2116 prompto
933 2085 960 2107 et.

174 2136 260 2164 alacri
287 2135 398 2166 animo,
423 2131 568 2159 assitnilari
596 2128 698 2164 angelis
725 2131 752 2154 et
779 2125 957 2159 archangelis.

175 2182 263 2210 llodie
288 2180 429 2208 dedicatur
445 2177 573 2212 templum
597 2175 677 2210 Regis
693 2173 794 2201 Christi
810 2171 913 2203 Matris,
932 2170 956 2196 itt
976 2168 996 2194 D

176 2236 231 2263 quo
244 2227 331 2254 omnis
347 2225 486 2259 Scriptura
499 2231 512 2250 a
528 2223 581 2250 Deo
597 2221 728 2256 inspirata
741 2223 767 2247 et
779 2218 851 2245 utilis
862 2218 960 2251 legitur

178 2274 211 2302 ad
229 2273 373 2301 utilitatem
400 2271 550 2298 animarum
573 2266 821 2295 innumerabilium.
851 2263 958 2290 Etenim

177 2329 210 2349 ex
227 2319 322 2354 quovis
334 2315 569 2345 Christianissimo
583 2313 679 2341 ordine
707 2313 734 2339 in
752 2311 777 2338 id
795 2317 890 2345 magno
903 2314 961 2335 stu-

179 2367 224 2393 dio
243 2364 385 2392 conﬂuunt
412 2361 553 2397 pontiﬁces
568 2365 596 2387 et
610 2366 697 2394 rcges,
713 2357 849 2392 principes
862 2360 888 2382 et
906 2363 961 2381 ina-

177 2411 318 2446 gistratus,
339 2408 436 2435 divitcs
460 2411 488 2433 et
512 2413 656 2441 pauperes,
669 2404 815 2431 iututatura
836 2407 914 2435 aetas,
932 2405 960 2427 et

179 2457 286 2492 piarum
303 2454 464 2482 feminarum
477 2457 596 2478 caterva.

214 2501 308 2529 XVIII.
323 2500 376 2527 Sed
396 2499 457 2533 quis
470 2502 522 2525 tua:
538 2497 629 2532 gloriae
645 2496 769 2529 loquetur
787 2493 932 2528 magnalia,
948 2499 964 2518 ο

181 2547 363 2576 intemerata?
380 2545 464 2573 Hodie
492 2544 632 2571 dedicatur
646 2540 773 2575 templum
801 2546 905 2574 sponsa:
919 2546 965 2564 υκ-

181 2594 266 2628 pertis
295 2592 449 2627 nuptiarum
476 2589 578 2620 Patris,
594 2587 638 2622 qui
666 2594 718 2613 non
737 2589 826 2619 potest
842 2591 965 2617 compre-

182 2639 276 2671 hendi,
295 2639 320 2664 itt
348 2644 400 2671 quo
416 2635 492 2662 cltori
511 2634 616 2668 piorum
645 2638 672 2658 et
689 2632 828 2658 doctorum
844 2629 964 2655 virorum

182 2687 208 2712 in
222 2684 317 2711 ordine
340 2682 503 2709 assistentes
517 2684 544 2706 ct
569 2678 686 2705 indoctis
704 2684 755 2703 non
773 2683 882 2709 parvam
896 2682 964 2708 prac-

181 2732 276 2759 bentcs
294 2728 436 2754 utilitatem
455 2733 588 2752 summam
617 2723 753 2756 accipiunt
772 2719 965 2747 remuneratio-

182 2783 253 2805 nem.
270 2774 320 2807 Qui
337 2773 407 2800 cnim
425 2771 534 2798 abducit
547 2790 553 2801 ,
587 2768 684 2803 inquit,
706 2766 815 2800 dignum
830 2764 863 2790 ab
891 2763 961 2789 indi-

236 2830 246 2846 τ
264 2828 365 2857 Jcrcnt.
380 2836 423 2859 xv,
438 2827 478 2853 I9.
520 2827 529 2841 ⁸
544 2825 622 2853 Prov.
640 2833 683 2856 xu,
696 2823 740 2851 50.

786 2822 796 2837 °
813 2820 886 2848 Psal.
901 2827 974 2852 XX“,
992 2819 1016 2846 5.

983 220 1111 254 templum
1129 227 1224 254 purum
1243 223 1270 245 et
1295 219 1428 253 integrum
1442 217 1564 252 gloriosa:
1584 216 1628 242 Dei
1644 215 1716 245 ﬁliae,
1733 214 1760 240 in

982 266 1053 301 quod
1069 268 1151 293 etiam
1171 267 1201 297 ii,
1226 265 1271 299 qui
1294 264 1396 291 suntin
1413 263 1548 290 montibus
1566 268 1592 287 et
1616 259 1764 294 speluncis,

983 320 1064 340 cursu
1079 312 1231 342 venientes,
1248 319 1280 338 ex
1295 311 1363 338 bona
1385 310 1454 336 fama
1471 316 1532 335 ossa
1559 308 1600 341 (ut
1615 307 1680 333 dicit
1691 305 1766 332 Scrir

985 357 1072 392 plura)
1094 357 1308 392 pinguefaciente
1319 356 1340 388 ⁸,
1358 362 1449 382 amore
1478 361 1595 380 antorem
1612 354 1765 380 assumunt,

985 408 1012 430 et
1029 403 1080 429 lteti
1110 402 1220 429 domum
1246 402 1358 432 vadunt,
1388 406 1495 433 semper
1529 397 1646 430 Virginis
1676 395 1768 422 Mariae

987 456 1122 475 snnnnutn
1153 448 1279 481 templum
1311 447 1490 473 honorantes.
1527 443 1611 469 Ilodie
1640 441 1766 473 templum

987 495 1124 521 dedicatur
1145 494 1215 520 illitis
1232 493 1402 523 castissitnm,
1421 490 1527 525 templis
1552 488 1678 516 omnibus
1691 494 1771 520 supe-

987 540 1054 571 rius,
1072 541 1097 567 in
1114 548 1166 574 quo
1180 539 1332 573 pluritni'ex
1350 538 1393 569 iis,
1408 537 1454 571 qui
1470 541 1532 563 sunt
1547 534 1639 570 polluti
1655 531 1773 566 peccatis

988 586 1167 620 gravissimis,
1185 586 1296 612 I'Ptll'lllll
1314 585 1345 610 ad
1359 584 1486 618 pietatem
1504 586 1531 608 ct
1548 588 1681 608 summam
1697 579 1772 613 puri-

989 636 1083 663 tatem,
1106 637 1133 658 et
1164 632 1230 658 ﬁunt
1248 630 1363 664 mqttalcs
1388 628 1500 663 angelis.
1525 627 1610 654 llodie
1633 626 1775 653 dedicatur

990 678 1118 712 templum
1148 676 1291 711 patrocinii
1311 681 1338 702 et
1354 673 1520 702 defensiOuis
1535 672 1770 701 Christianorum,

991 725 1017 751 in
1034 732 1087 758 qtto
1104 724 1120 750 ii
1137 725 1229 754 etiam,
1249 722 1292 757 qui
1308 721 1409 756 optimc
1429 721 1532 751 vivunt,
1550 719 1702 746 redduntur
1716 717 1773 744 fore

992 769 1133 800 mosiores,
1151 772 1178 794 et
1201 768 1259 794 luce
1285 768 1371 793 lucem
1401 766 1549 800 accipitntt,
1577 763 1701 791 exornati
1722 762 1775 789 Itu-

994 816 1115 845 tnilitate,
1131 813 1175 848 qtti
1192 813 1331 840 Christum
1355 812 1507 838 imitantur.
1540 809 1626 836 Hodie
1646 808 1774 842 templum

997 862 1137 887 dedicatur
1163 858 1365 889 laudatissimm,
1393 861 1419 884 et
1443 857 1477 883 ab
1505 855 1578 883 omni
1607 855 1668 881 labe
1683 854 1779 880 aliens:

993 906 1097 941 puellm,
1115 906 1141 931 in
1166 905 1237 938 qttod
1251 904 1406 937 quicunque
1431 901 1580 935 ingreditur
1597 905 1623 926 et
1644 898 1779 926 desiderio

994 959 1021 980 et
1034 952 1094 984 lide,
1111 956 1138 978 et
1151 958 1182 977 ea
1201 951 1333 979 enuntiat,
1349 955 1408 982 qua:
1431 947 1464 973 ab
1480 953 1512 973 eo
1528 946 1596 972 facta
1612 949 1674 971 sunt
1689 943 1781 978 gravi-

997 1004 1048 1029 ter,
1078 1001 1103 1024 ct
1137 997 1280 1023 conlitetur
1311 1002 1340 1021 se
1363 997 1564 1027 amputaturum
1593 999 1624 1018 ea
1640 998 1701 1025 quin
1717 993 1780 1015 sunt

999 1044 1122 1074 molesta,
1138 1041 1227 1068 statim
1242 1039 1268 1074 (ο
1280 1039 1440 1066 miraculum
1453 1039 1472 1071 !)
1488 1036 1589 1064 invenit
1605 1035 1780 1065 solutionem,

997 1094 1024 1116 et
1039 1088 1128 1116 cordis
1141 1086 1361 1114 exsultationem.
1376 1084 1448 1110 Dixit.
1461 1082 1545 1113 enim,
1561 1081 1660 1114 inqttit,
1675 1079 1783 1105 tEnttn-

997 1134 1070 1162 tlabo
1084 1139 1178 1160 contra
1206 1139 1248 1158 me
1275 1130 1446 1164 iniquitatem
1470 1135 1557 1155 meant
1577 1125 1689 1152 Domino
1713 1129 1739 1152 et
1753 1129 1781 1151 tu

998 1179 1125 1207 remisisti
1140 1178 1306 1211 itnpietatetn
1324 1175 1415 1202 cordis
1433 1173 1519 1200 mei’.
1537 1182 1546 1198 ›

1034 1227 1117 1254 Ilodie
1142 1225 1271 1260 templum
1291 1224 1363 1251 omni
1378 1230 1410 1249 ex
1427 1225 1504 1256 parte
1533 1219 1682 1247 benedicta:
1696 1222 1722 1244 et
1738 1225 1784 1245 vc-

998 1273 1124 1299 neranda:
1141 1271 1362 1302 adolescetttulre,
1378 1274 1405 1296 et
1419 1268 1613 1303 prophetarum
1633 1264 1782 1294 coronixlis,

999 1324 1040 1346 est
1071 1318 1248 1345 dedicatum:
1275 1316 1372 1349 inquo
1395 1315 1536 1350 eriguntur
1563 1311 1715 1346 paralytici,
1736 1309 1784 1344 qui

999 1372 1052 1391 non
1066 1363 1167 1396 vident,
1183 1363 1270 1389 visum
1286 1362 1428 1394 rccipiunt,
1441 1365 1466 1387 et
1480 1360 1524 1394 qui
1540 1359 1653 1386 horrore
1669 1364 1699 1383 ac
1713 1355 1783 1383 febri

1001 1412 1135 1441 laborant,
1160 1413 1299 1436 cnratttur.
1333 1408 1379 1434 Est
1405 1407 1478 1434 enim
1521 1412 1629 1438 semper
1656 1401 1784 1437 perennis

1002 1457 1140 1490 scaturigo
1172 1455 1230 1489 ejus
1263 1453 1466 1481 miraculorum.
1498 1451 1649 1479 Ilodienos
1664 1455 1785 1484 quoque,

963 1506 985 1534 α
1004 1502 1049 1536 qui
1085 1502 1137 1528 huc
1159 1500 1339 1531 accurrimus,
1355 1498 1388 1525 ab
1416 1496 1670 1526 innumerabilibus,
1689 1499 1716 1520 ct
1736 1493 1788 1521 sibi

1005 1547 1119 1573 invicem
1135 1545 1344 1573 succedentibus
1355 1542 1546 1570 afﬂictionibus
1560 1562 1568 1573 ,
1585 1546 1612 1568 et
1624 1538 1791 1574 turpissimis

1005 1592 1189 1626 itnproborum
1208 1591 1346 1617 hominum
1365 1588 1518 1615 maledictis
1547 1586 1664 1615 liberati,
1682 1593 1706 1611 ct
1725 1584 1789 1611 tecti

1004 1638 1056 1665 sub
1071 1637 1120 1663 alis
1132 1637 1189 1671 ejus
1202 1634 1416 1665 intercessionis,
1428 1633 1624 1668 suppeditatum
1643 1631 1787 1660 rationem,

1005 1688 1031 1710 et
1050 1682 1188 1716 sapientia:
1205 1682 1385 1715 cognitionem
1403 1681 1517 1713 desuper
1528 1686 1542 1704 a
1557 1677 1610 1705 ﬁlio
1623 1685 1653 1704 ex
1673 1685 1703 1704 ca
1716 1682 1789 1708 nato.

1006 1736 1054 1764 per
1072 1729 1155 1762 ipsam
1170 1728 1354 1757 admittentes,
1373 1732 1434 1752 cum
1460 1725 1530 1759 loqui
1558 1724 1627 1758 jnssi
1649 1724 1790 1754 fuerimus,

1006 1775 1064 1802 sine
1079 1774 1269 1808 impedimento
1285 1773 1434 1799 clzttnetnus
1449 1779 1481 1798 ex
1497 1771 1589 1802 corde,
1618 1768 1766 1796 clantetutts
1781 1776 1790 1795 :

1007 1821 1045 1848 Ne
1059 1819 1186 1847 assiduas
1205 1823 1313 1845 nostras
1337 1824 1432 1851 preres
1449 1816 1585 1850 repudies,
1603 1823 1636 1842 ne
1652 1815 1791 1849 repudies,

991 1867 1208 1894 -oinletnerata.
1239 1863 1356 1890 Defende
1381 1870 1430 1889 nos
1444 1861 1594 1889 secundum
1614 1868 1737 1895 magnam
1765 1864 1793 1887 et

1008 1912 1144 1946 copiosam
1172 1909 1388 1937 misericordiam
1404 1914 1489 1940 tuam,
1505 1915 1522 1934 ο
1548 1907 1671 1934 Domina.
1688 1906 1793 1939 Frange

1009 1957 1165 1986 scltcdulam
1192 1957 1386 1984 immensorutn
1405 1959 1560 1982 nostrorum
1576 1953 1710 1980 malorum
1729 1953 1791 1984 tuis,

1009 2012 1068 2038 quae
1084 2010 1219 2036 nunquam
1237 2001 1387 2032 dormiunt,
1415 1999 1667 2031 intercessionibus,
1683 2006 1699 2024 o
1727 1998 1794 2031 opti-

1011 2057 1064 2076 tna.
1079 2047 1134 2074 Nos
1147 2051 1211 2073 ante
1226 2046 1306 2072 ﬁnem
1329 2045 1444 2072 concilia
1460 2050 1504 2071 tuo
1519 2043 1686 2071 misericordi
1707 2046 1733 2069 et
1746 2042 1789 2074 in.

1011 2099 1053 2121 sto
1063 2092 1158 2127 jmlici.
1182 2091 1252 2118 Filio
1267 2094 1294 2118 et
1309 2090 1372 2117 Deo.
1402 2089 1502 2116 Sumus
1526 2088 1597 2116 enim
1626 2088 1706 2121 plane
1721 2087 1794 2113 omni

1012 2135 1134 2164 destituti
1149 2134 1246 2161 ﬁducia
1261 2139 1286 2161 et
1299 2133 1424 2166 audacia,
1439 2137 1549 2167 propter
1566 2132 1754 2166 negligentiam
1768 2135 1796 2157 et

1014 2181 1210 2209 multitudinem
1237 2185 1420 2215 peccaturum.
1449 2178 1501 2205 Sed
1520 2186 1645 2213 magnam
1673 2177 1727 2204 vim
1745 2177 1794 2204 ha-

1014 2229 1070 2260 bet,
1084 2235 1099 2254 ο
1114 2226 1314 2258 laudatissima,
1330 2225 1452 2260 precatio
1474 2224 1565 2251 Matris
1582 2224 1614 2251 ad
1631 2223 1690 2250 Filii
1707 2222 1798 2250 conci-

1013 2273 1131 2300 liandam
1163 2271 1392 2303 benevolentiam,
1422 2275 1451 2297 ut
1479 2270 1627 2297 credimus.
1645 2268 1713 2295 Cum
1733 2275 1797 2302 ergo

1016 2320 1116 2347 habeas
1134 2323 1283 2346 maternam
1300 2321 1324 2343 et
1343 2316 1478 2343 inﬁnitam
1509 2317 1541 2342 ad
1569 2323 1631 2342 cttm
1657 2314 1796 2345 ﬁduciam,

1015 2365 1060 2400 qtti
1076 2373 1109 2392 ex
1128 2369 1152 2391 te
1180 2363 1239 2391 sine
1253 2362 1371 2389 ﬁuxione
1396 2361 1567 2389 ineﬁ'abililer
1583 2366 1659 2387 ortus
1675 2364 1730 2391 est,
1749 2367 1800 2386 nos

1014 2417 1122 2446 quoque
1143 2409 1185 2436 fac
1211 2409 1344 2436 bonorum
1362 2413 1526 2434 aeternorum
1555 2405 1708 2440 participes,
1723 2409 1749 2431 et
1764 2405 1798 2431 ab

1016 2456 1086 2484 omni
1116 2454 1191 2489 gravi
1223 2453 1268 2480 hic
1300 2458 1327 2479 et
1357 2453 1413 2479 illic
1440 2452 1526 2479 libera
1542 2450 1700 2477 afﬂictione.
1716 2449 1797 2476 Potes

1014 2502 1086 2530 enint
1100 2500 1190 2528 omnia
1208 2504 1247 2532 tu,
1263 2505 1322 2533 quae
1340 2505 1368 2524 cs
1380 2497 1523 2531 plusquam
1540 2496 1680 2522 benedicta
1699 2500 1726 2523 et
1739 2495 1797 2529 glo-

1018 2549 1102 2579 riosa,
1121 2551 1176 2573 uta
1198 2550 1224 2571 te
1241 2544 1379 2577 custoditi,
1393 2548 1421 2570 et
1444 2545 1476 2570 de
1491 2548 1517 2570 te
1536 2542 1693 2577 gloriantes,
1716 2542 1799 2568 emit~

1019 2599 1106 2620 tamus
1123 2591 1236 2626 gloriam
1249 2595 1276 2617 et
1290 2590 1438 2624 gratiarum
1456 2589 1588 2615 actionetn
1611 2588 1637 2614 in
1657 2588 1708 2614 ltoc
1722 2594 1801 2614 vene.

1019 2639 1103 2666 rando
1119 2636 1229 2669 tetnplo,
1248 2641 1274 2662 et
1288 2635 1441 2669 ubicunque
1463 2635 1559 2665 simus,
1575 2633 1657 2666 Patri,
1678 2637 1704 2660 et
1719 2631 1800 2666 Filio,

1019 2690 1046 2710 et
1061 2687 1155 2710 sancto
1184 2681 1308 2716 Spiritui,
1336 2687 1408 2707 nunc
1431 2685 1457 2707 ct
1473 2687 1580 2714 semper
1593 2683 1620 2706 et
1645 2679 1672 2705 itt
1688 2677 1798 2705 saecula.

1020 2729 1115 2756 Amen.
